Account Transactions
C Cubed Training
Date Range: 2025-01-01 to 2025-11-12
Report Type: Cash Basis (Paid)
ACCOUNT NUMBER,DATE,DESCRIPTION,DEBIT (In Business Currency),CREDIT (In Business Currency),BALANCE (In Business Currency)
,Cash on Hand,,,,
Starting Balance,,,,,"$15,094.68"
,2025-01-03,3d Printer Filliment - Ink,,$26.25,"$15,068.43"
,2025-01-03,Compass Farm Charactoers,,$108.00,"$14,960.43"
,2025-01-04,Albertson's,,$93.05,"$14,867.38"
,2025-01-04,Amazon Purchase of Supplies,,$406.52,"$14,460.86"
,2025-01-04,Gift Card,,$40.00,"$14,420.86"
,2025-01-04,Loaf N Jug,,$34.99,"$14,385.87"
,2025-01-05,7-11,,$23.85,"$14,362.02"
,2025-01-06,WIX,,$17.35,"$14,344.67"
,2025-01-10,Verizon Wireless,,$800.97,"$13,543.70"
,2025-01-10,Food for Pueblo Class,,$20.95,"$13,522.75"
,2025-01-10,Walmart,,$51.78,"$13,470.97"
,2025-01-11,Loaf N Jug,,$38.02,"$13,432.95"
,2025-01-12,Advertisement Booth At Wold Lodge,,$150.00,"$13,282.95"
,2025-01-14,Colorado Secretary of State,,$404.24,"$12,878.71"
,2025-01-14,Food for Pueblo Class,,$30.00,"$12,848.71"
,2025-01-15,Identigo,,$56.00,"$12,792.71"
,2025-01-15,Walmart,,$16.78,"$12,775.93"
,2025-01-16,SECOM,,$64.95,"$12,710.98"
,2025-01-16,San Isabel Electric,,$110.56,"$12,600.42"
,2025-01-17,MakeStickers,,$66.80,"$12,533.62"
,2025-01-17,J & M Solutions,,"$2,000.00","$10,533.62"
,2025-01-17,Food for Centennial,,$20.96,"$10,512.66"
,2025-01-17,Sam's Club,,$84.38,"$10,428.28"
,2025-01-17,Sam's Club Gas Station,,$32.50,"$10,395.78"
,2025-01-18,City of Walsenburg,,$343.14,"$10,052.64"
,2025-01-19,Colorado Dept of Education,,$93.60,"$9,959.04"
,2025-01-19,Amazon Marketplace,,$103.52,"$9,855.52"
,2025-01-20,PC Name Tag,,$264.22,"$9,591.30"
,2025-01-21,Staples,,$79.52,"$9,511.78"
,2025-01-22,WIX,,$228.00,"$9,283.78"
,2025-01-22,Walmart,,$67.89,"$9,215.89"
,2025-01-24,Maverick in Pueblo,,$32.00,"$9,183.89"
,2025-01-24,Progressive,,"$2,275.20","$6,908.69"
,2025-01-24,Staples,,$21.24,"$6,887.45"
,2025-01-24,Staples,,$58.09,"$6,829.36"
,2025-01-25,Dunkin Doughnuts,,$6.96,"$6,822.40"
,2025-01-26,Dollar General,,$20.72,"$6,801.68"
,2025-01-28,Love's outside Walsenburg,,$33.00,"$6,768.68"
,2025-01-28,National Cyber League,,$350.00,"$6,418.68"
,2025-01-28,Food for Pueblo Class,,$30.86,"$6,387.82"
,2025-01-28,BOCES,"$6,852.64",,"$13,240.46"
,2025-01-29,Battelle Grant,"$20,000.00",,"$33,240.46"
,2025-01-29,Papa's Restaurant,,$107.39,"$33,133.07"
,2025-01-30,Rent,,"$1,500.00","$31,633.07"
,2025-01-31,Walmart,,$22.48,"$31,610.59"
,2025-02-01,VIOC - Valvoline Instant Oil Change,,$94.99,"$31,515.60"
,2025-02-01,Amazon - Test Drone or Robot,,$14.11,"$31,501.49"
,2025-02-02,7-11,,$22.85,"$31,478.64"
,2025-02-03,First Choice,,$14.95,"$31,463.69"
,2025-02-03,Dollar General,,$10.00,"$31,453.69"
,2025-02-04,Loaf N Jug,,$32.76,"$31,420.93"
,2025-02-04,Cash Withdrawal,,$200.00,"$31,220.93"
,2025-02-04,Refund on taxes from EchoPark,$545.04,,"$31,765.97"
,2025-02-04,PO Box 497 Pueblo,,$30.86,"$31,735.11"
,2025-02-04,School Choice,$100.00,,"$31,835.11"
,2025-02-05,Walmart,,$18.52,"$31,816.59"
,2025-02-06,Beaver Run Resort,,$101.76,"$31,714.83"
,2025-02-07,InnEdCo,,$402.00,"$31,312.83"
,2025-02-07,Fizolis,,$53.20,"$31,259.63"
,2025-02-07,Walmart,,$51.96,"$31,207.67"
,2025-02-08,National Cyber League,,$105.00,"$31,102.67"
,2025-02-09,Safeway,,$12.70,"$31,089.97"
,2025-02-09,National Cyber League,,$70.00,"$31,019.97"
,2025-02-09,7-11,,$22.85,"$30,997.12"
,2025-02-10,Verizon,,$790.43,"$30,206.69"
,2025-02-10,Loaf N Jug,,$37.74,"$30,168.95"
,2025-02-11,The Broadmoor,,$192.54,"$29,976.41"
,2025-02-11,The Broadmoor,,$14.00,"$29,962.41"
,2025-02-11,Loaf N Jug,,$23.80,"$29,938.61"
,2025-02-11,Tech Soup,,$119.00,"$29,819.61"
,2025-02-14,Carl's Jr,,$15.47,"$29,804.14"
,2025-02-14,Albertson's,,$55.17,"$29,748.97"
,2025-02-16,7-11,,$22.56,"$29,726.41"
,2025-02-17,City of Walsenburg,,$379.13,"$29,347.28"
,2025-02-17,Invoice Payment,,"$2,000.00","$27,347.28"
,2025-02-18,San Isabel Electric,,$132.92,"$27,214.36"
,2025-02-18,Loaf N Jug,,$40.84,"$27,173.52"
,2025-02-19,SECOM,,$64.95,"$27,108.57"
,2025-02-19,PO BOX - Uber Eats Delivery,,$19.35,"$27,089.22"
,2025-02-21,Avainds,,$26.10,"$27,063.12"
,2025-02-21,Walmart,,$11.49,"$27,051.63"
,2025-02-22,TA Express,,$40.05,"$27,011.58"
,2025-02-23,Wave Apps Pro,,$170.00,"$26,841.58"
,2025-02-23,7-11,,$22.85,"$26,818.73"
,2025-02-24,Sam's Club,,$86.96,"$26,731.77"
,2025-02-25,Maverick Gas Station,,$45.44,"$26,686.33"
,2025-02-25,P.O. Box,,$33.66,"$26,652.67"
,2025-02-26,Amazon - Test Robot and Give aways,,$88.75,"$26,563.92"
,2025-02-26,Walmart,,$13.75,"$26,550.17"
,2025-02-26,Alta Convivence,,$34.99,"$26,515.18"
,2025-02-27,Walmart,,$20.56,"$26,494.62"
,2025-02-27,EdRenvisioned,"$6,876.78",,"$33,371.40"
,2025-02-28,Rent payment,,"$1,500.00","$31,871.40"
,2025-03-01,Amazon - Solar Robot,,$635.39,"$31,236.01"
,2025-03-01,Amazon - Flying Orb,,$106.09,"$31,129.92"
,2025-03-01,Amazon Purchase - Solar Robots,,$633.10,"$30,496.82"
,2025-03-03,Loaf N Jug,,$32.50,"$30,464.32"
,2025-03-03,PO BOX - Door Dash,,$19.35,"$30,444.97"
,2025-03-04,Amazon - Drones,,$227.89,"$30,217.08"
,2025-03-04,PO BOX - Door Dash,,$31.46,"$30,185.62"
,2025-03-04,Walmart,,$32.49,"$30,153.13"
,2025-03-05,Sam's Club,,$57.30,"$30,095.83"
,2025-03-07,Maverick,,$36.99,"$30,058.84"
,2025-03-09,Amazon - Drones,,$233.19,"$29,825.65"
,2025-03-09,7-11,,$22.85,"$29,802.80"
,2025-03-10,Verizon,,"$1,378.11","$28,424.69"
,2025-03-11,Makestickers  - Girls in IT,,$123.35,"$28,301.34"
,2025-03-11,Walmart,,$10.64,"$28,290.70"
,2025-03-12,Sam's Club,,$16.55,"$28,274.15"
,2025-03-13,Summer Camp,$48.54,,"$28,322.69"
,2025-03-14,Circle K,,$42.02,"$28,280.67"
,2025-03-14,Summer Camp,$48.54,,"$28,329.21"
,2025-03-15,Amazon - Drones,,$285.99,"$28,043.22"
,2025-03-16,Apro Monument,,$20.60,"$28,022.62"
,2025-03-17,J & M Solutions,,"$2,000.00","$26,022.62"
,2025-03-17,Summer Camp Sign Up,$24.27,,"$26,046.89"
,2025-03-18,City of Walsenburg,,$401.08,"$25,645.81"
,2025-03-18,SECOM,,$64.95,"$25,580.86"
,2025-03-18,San Isabel,,$134.36,"$25,446.50"
,2025-03-18,Sam's Club,,$55.90,"$25,390.60"
,2025-03-18,Square Up Colorado Springs,,$192.00,"$25,198.60"
,2025-03-18,PO Box Pueblo,,$36.59,"$25,162.01"
,2025-03-18,Walmart,,$35.90,"$25,126.11"
,2025-03-19,Sam's Club Fuel Station,,$25.51,"$25,100.60"
,2025-03-19,Square up Colorado Springs,,$210.00,"$24,890.60"
,2025-03-19,Walmart,,$24.00,"$24,866.60"
,2025-03-20,PCC Cafeteria,,$23.87,"$24,842.73"
,2025-03-21,Loaf N Jug,,$26.35,"$24,816.38"
,2025-03-22,UPS,,$14.75,"$24,801.63"
,2025-03-22,4 boys apparel  - T Shirts,,$491.91,"$24,309.72"
,2025-03-23,7-11,,$22.85,"$24,286.87"
,2025-03-24,Amazon - 2 Give away Drones,,$47.64,"$24,239.23"
,2025-03-24,Amazon - ID Card Holders,,$141.85,"$24,097.38"
,2025-03-24,Amazon - Sunglasses,,$61.41,"$24,035.97"
,2025-03-25,Photo Backdrop,,$51.08,"$23,984.89"
,2025-03-26,UPS,,$9.05,"$23,975.84"
,2025-03-26,UPS,,$70.95,"$23,904.89"
,2025-03-26,UPS,,$70.95,"$23,833.94"
,2025-03-26,UPS,,$9.05,"$23,824.89"
,2025-03-26,UPS,,$70.95,"$23,753.94"
,2025-03-26,Las Animas Grill,,$71.70,"$23,682.24"
,2025-03-26,Maverick - Pueblo,,$32.05,"$23,650.19"
,2025-03-28,BOCES,"$6,876.78",,"$30,526.97"
,2025-03-28,Summer Camp,$24.27,,"$30,551.24"
,2025-03-29,Escape Room Kit,,$29.00,"$30,522.24"
,2025-03-30,7-11,,$23.94,"$30,498.30"
,2025-03-31,Safeway,,$22.66,"$30,475.64"
,2025-03-31,Pueblo PB&T,,"$1,500.00","$28,975.64"
,2025-03-31,Summer Camp,$24.27,,"$28,999.91"
,2025-04-01,PO BOX,,$32.66,"$28,967.25"
,2025-04-01,Maverick,,$26.00,"$28,941.25"
,2025-04-02,Sam's Club,,$67.52,"$28,873.73"
,2025-04-04,Amazon,,$77.94,"$28,795.79"
,2025-04-06,TA Express,,$40.48,"$28,755.31"
,2025-04-08,Amazon,,$63.78,"$28,691.53"
,2025-04-08,PO BOX - Food for Pueblo,,$30.25,"$28,661.28"
,2025-04-08,Walmart,,$34.69,"$28,626.59"
,2025-04-08,Wave Transaction,$24.27,,"$28,650.86"
,2025-04-09,Amazon - Laptop Batteries,,$190.40,"$28,460.46"
,2025-04-10,Verizon,,$888.81,"$27,571.65"
,2025-04-10,Solar Roast,,$26.42,"$27,545.23"
,2025-04-11,Champion Xpress,,$22.00,"$27,523.23"
,2025-04-11,Love's Inside,,$10.30,"$27,512.93"
,2025-04-11,Love's Outside,,$11.59,"$27,501.34"
,2025-04-11,Love's Inside,,$27.41,"$27,473.93"
,2025-04-13,7-11,,$22.85,"$27,451.08"
,2025-04-14,Safeway,,$47.19,"$27,403.89"
,2025-04-15,San Isabel,,$114.47,"$27,289.42"
,2025-04-15,Loaf N Jug,,$34.02,"$27,255.40"
,2025-04-15,Little Caesar's,,$31.46,"$27,223.94"
,2025-04-15,Walmart,,$40.04,"$27,183.90"
,2025-04-16,Amazon - Door Prizes,,$93.17,"$27,090.73"
,2025-04-16,SECOM,,$64.95,"$27,025.78"
,2025-04-16,TeachersPayTeachers,,$2.11,"$27,023.67"
,2025-04-16,Walmart,,$29.43,"$26,994.24"
,2025-04-17,Little Caesars,,$19.35,"$26,974.89"
,2025-04-17,J&M Solutions,,"$2,000.00","$24,974.89"
,2025-04-18,Maverick,,$32.20,"$24,942.69"
,2025-04-19,City of Walsenburg,,$293.11,"$24,649.58"
,2025-04-21,Walmart,,$36.32,"$24,613.26"
,2025-04-22,Crumbl Cookie,,$40.00,"$24,573.26"
,2025-04-22,Little Caesar's,,$30.25,"$24,543.01"
,2025-04-22,Maverick,,$32.99,"$24,510.02"
,2025-04-23,Walmart,,$16.12,"$24,493.90"
,2025-04-23,Walmart,,$35.02,"$24,458.88"
,2025-04-24,Sam's Club,,$162.97,"$24,295.91"
,2025-04-24,Little Caesar's,,$145.10,"$24,150.81"
,2025-04-24,Walmart,,$5.94,"$24,144.87"
,2025-04-24,Circle K,,$18.25,"$24,126.62"
,2025-04-24,Circle K,,$7.03,"$24,119.59"
,2025-04-25,Make Stickers,,$193.70,"$23,925.89"
,2025-04-25,Amazon,,$165.33,"$23,760.56"
,2025-04-25,Loves,,$26.83,"$23,733.73"
,2025-04-25,Walmart,,$43.56,"$23,690.17"
,2025-04-26,Loaf N Jug - Colorado City,,$30.04,"$23,660.13"
,2025-04-27,7-11,,$29.37,"$23,630.76"
,2025-04-28,EduReenv BOCES,"$6,876.78",,"$30,507.54"
,2025-04-28,Queensboro,,$158.82,"$30,348.72"
,2025-04-28,Makestickers,,$314.22,"$30,034.50"
,2025-04-28,Vista Print,,$97.20,"$29,937.30"
,2025-04-28,Custom Lanyards,,$867.32,"$29,069.98"
,2025-04-29,Card Fee,,$0.01,"$29,069.97"
,2025-04-29,Send SMS Info,,$1.14,"$29,068.83"
,2025-04-29,Little Caesar's,,$25.43,"$29,043.40"
,2025-04-29,Walmart,,$24.14,"$29,019.26"
,2025-04-30,Little Caesars,,$13.98,"$29,005.28"
,2025-04-30,PB&T,,"$1,500.00","$27,505.28"
,2025-05-01,Colorado Secretary of State,,$10.00,"$27,495.28"
,2025-05-01,Little Caesar's,,$29.02,"$27,466.26"
,2025-05-01,Family Dollar,,$15.86,"$27,450.40"
,2025-05-03,SQ SAPO GUAPO,,$59.51,"$27,390.89"
,2025-05-03,SQ SAPO GUAPO,,$13.52,"$27,377.37"
,2025-05-03,Loaf N Jug,,$33.98,"$27,343.39"
,2025-05-04,7-11,,$28.30,"$27,315.09"
,2025-05-06,STEM Camp Payment,$48.54,,"$27,363.63"
,2025-05-06,Walmart,,$14.10,"$27,349.53"
,2025-05-06,Little Caesar's,,$30.25,"$27,319.28"
,2025-05-06,Walmart,,$29.49,"$27,289.79"
,2025-05-07,Send SMS Info,,$34.12,"$27,255.67"
,2025-05-07,International Card Fee,,$0.34,"$27,255.33"
,2025-05-08,Altitude - Pueblo,,$32.00,"$27,223.33"
,2025-05-10,Verizon,,$888.73,"$26,334.60"
,2025-05-10,First Choice,,$66.65,"$26,267.95"
,2025-05-12,Walmart,,$84.94,"$26,183.01"
,2025-05-12,Altitude,,$24.94,"$26,158.07"
,2025-05-12,First Choice,,$15.03,"$26,143.04"
,2025-05-12,Champion Xpress,,$16.00,"$26,127.04"
,2025-05-13,Meineke,,$59.53,"$26,067.51"
,2025-05-14,Little Caesar's,,$22.98,"$26,044.53"
,2025-05-16,Loaf N Jug - Walsenburg,,$31.01,"$26,013.52"
,2025-05-16,SECOM,,$64.95,"$25,948.57"
,2025-05-16,San Isabel Electric,,$100.53,"$25,848.04"
,2025-05-16,Imprint.con,,$584.15,"$25,263.89"
,2025-05-17,J & M Solutions,,"$2,000.00","$23,263.89"
,2025-05-18,City of Walsenburg,,$312.41,"$22,951.48"
,2025-05-19,Venmo - Cash Out,$20.00,,"$22,971.48"
,2025-05-19,Florence STEM Camp,$24.15,,"$22,995.63"
,2025-05-19,Donation,$882.71,,"$23,878.34"
,2025-05-19,Loaf N Jug,,$36.00,"$23,842.34"
,2025-05-20,STEM Camp Payment,$48.54,,"$23,890.88"
,2025-05-21,Refund from Summer Camp ,,$72.69,"$23,818.19"
,2025-05-21,Chipotle,,$7.41,"$23,810.78"
,2025-05-22,Chipolte,,$33.84,"$23,776.94"
,2025-05-22,Stem Camp,$48.54,,"$23,825.48"
,2025-05-23,Staples,,$255.33,"$23,570.15"
,2025-05-25,7-11,,$22.85,"$23,547.30"
,2025-05-27,Sam's Club,,$33.00,"$23,514.30"
,2025-05-28,Amazon,,$234.76,"$23,279.54"
,2025-05-28,Love's,,$17.04,"$23,262.50"
,2025-05-28,BOCES,"$6,876.78",,"$30,139.28"
,2025-05-28,STEM School payment,$24.27,,"$30,163.55"
,2025-05-29,Amazon - Laptop Charger,,$14.05,"$30,149.50"
,2025-05-30,Dollar General,,$46.75,"$30,102.75"
,2025-05-30,PB&T,,"$1,500.00","$28,602.75"
,2025-05-30,PAX 8 Donation,$72.82,,"$28,675.57"
,2025-06-01,Colorado Secretary of State,,$25.00,"$28,650.57"
,2025-06-01,7-11,,$29.39,"$28,621.18"
,2025-06-02,Safeway,,$35.76,"$28,585.42"
,2025-06-03,Loaf N Jug,,$41.00,"$28,544.42"
,2025-06-03,Walmart,,$128.28,"$28,416.14"
,2025-06-03,Harbor Freight,,$111.88,"$28,304.26"
,2025-06-04,Family Dollar,,$25.30,"$28,278.96"
,2025-06-06,Amazon,,$471.41,"$27,807.55"
,2025-06-06,Amazon,,$423.79,"$27,383.76"
,2025-06-06,Imprint,,$624.99,"$26,758.77"
,2025-06-06,Papa Bear'z,,$8.95,"$26,749.82"
,2025-06-06,Papa Bear'z,,$7.33,"$26,742.49"
,2025-06-06,Papa Bear'z,,$7.33,"$26,735.16"
,2025-06-07,Murray Security,,$15.00,"$26,720.16"
,2025-06-07,Murray Security,,$15.00,"$26,705.16"
,2025-06-07,Murray Security,,$15.00,"$26,690.16"
,2025-06-07,Murray Security,,$15.00,"$26,675.16"
,2025-06-07,Papa Bear'z,,$23.00,"$26,652.16"
,2025-06-07,Papa Bear'z,,$16.24,"$26,635.92"
,2025-06-07,Rotary Club Donation for Summer Camp,$750.00,,"$27,385.92"
,2025-06-08,Southpark Market,,$16.99,"$27,368.93"
,2025-06-08,Loaf N Jug,,$37.99,"$27,330.94"
,2025-06-08,Superior Car Wash,,$14.00,"$27,316.94"
,2025-06-08,First Choice,,$41.58,"$27,275.36"
,2025-06-10,Verizon,,$884.23,"$26,391.13"
,2025-06-10,Circle K,,$7.92,"$26,383.21"
,2025-06-11,Gaylord of the Rockies,,$13.00,"$26,370.21"
,2025-06-11,Beaver Run Resort,,$307.26,"$26,062.95"
,2025-06-11,Ruby Tuesdays,,$142.96,"$25,919.99"
,2025-06-11,Gaylord of the Rockies,,$6.18,"$25,913.81"
,2025-06-11,Trinidad Travel Plaza,,$25.03,"$25,888.78"
,2025-06-12,Circle K,,$18.58,"$25,870.20"
,2025-06-12,Amazon - Pirate Decorations,,$168.35,"$25,701.85"
,2025-06-13,Amazon,,$13.76,"$25,688.09"
,2025-06-13,First Choice,,$43.23,"$25,644.86"
,2025-06-13,Lowe's,,$33.00,"$25,611.86"
,2025-06-13,Payment for Invoice 7,,"$1,000.00","$24,611.86"
,2025-06-14,Amazon,,$120.96,"$24,490.90"
,2025-06-14,Paypal,,$1.00,"$24,489.90"
,2025-06-14,Sam's Club,,$177.04,"$24,312.86"
,2025-06-14,Cash Withdrawal,,"$1,000.00","$23,312.86"
,2025-06-15,7-11,,$28.30,"$23,284.56"
,2025-06-16,Amazon,,$26.36,"$23,258.20"
,2025-06-16,Walmart,,$16.70,"$23,241.50"
,2025-06-17,Walmart,,$26.13,"$23,215.37"
,2025-06-17,J & M Solutions,,"$2,000.00","$21,215.37"
,2025-06-17,Greenhorn Valley Ace,,$13.07,"$21,202.30"
,2025-06-17,SECOM,,$64.95,"$21,137.35"
,2025-06-17,San Isabel Electric,,$86.59,"$21,050.76"
,2025-06-18,City of Walsenburg,,$193.05,"$20,857.71"
,2025-06-18,Loaf N Jug,,$27.01,"$20,830.70"
,2025-06-18,Einstein's Bagel,,$50.35,"$20,780.35"
,2025-06-18,Einstein's Bagel,,$202.37,"$20,577.98"
,2025-06-18,Harbor Freight,,$28.23,"$20,549.75"
,2025-06-19,Family Dollar,,$19.74,"$20,530.01"
,2025-06-19,Subway,,$396.39,"$20,133.62"
,2025-06-20,Walmart,,$24.06,"$20,109.56"
,2025-06-21,Staples,,$75.54,"$20,034.02"
,2025-06-21,Amazon,,$50.85,"$19,983.17"
,2025-06-21,Walmart,,$94.52,"$19,888.65"
,2025-06-23,TA Express,,$35.00,"$19,853.65"
,2025-06-23,Carl's Jr,,$23.59,"$19,830.06"
,2025-06-23,Carl's Jr,,$23.10,"$19,806.96"
,2025-06-23,Loaf N Jug,,$51.87,"$19,755.09"
,2025-06-24,Amazon,,$169.73,"$19,585.36"
,2025-06-24,Mission at the B,,$107.17,"$19,478.19"
,2025-06-24,Amazon,,$349.69,"$19,128.50"
,2025-06-24,Tees Me Treat Me,,$178.93,"$18,949.57"
,2025-06-25,Walmart,,$49.00,"$18,900.57"
,2025-06-25,Flatt's Square,,$192.72,"$18,707.85"
,2025-06-25,Cash Withdrawal,,"$2,000.00","$16,707.85"
,2025-06-27,Amazon,,$524.39,"$16,183.46"
,2025-06-27,Dominos,,$123.43,"$16,060.03"
,2025-06-27,BOCES,"$6,876.78",,"$22,936.81"
,2025-06-28,Amazon,,$63.77,"$22,873.04"
,2025-06-28,Domino's,,$150.00,"$22,723.04"
,2025-06-29,Rocket Fizz,,$26.46,"$22,696.58"
,2025-06-29,7-11,,$28.30,"$22,668.28"
,2025-06-30,Loaf N Jug,,$43.92,"$22,624.36"
,2025-06-30,Dollar General,,$10.35,"$22,614.01"
,2025-06-30,PB&T,,"$1,500.00","$21,114.01"
,2025-07-01,Amazon,,$43.50,"$21,070.51"
,2025-07-01,Amazon,,$222.58,"$20,847.93"
,2025-07-01,Harbor Freight,,$48.28,"$20,799.65"
,2025-07-02,Stem Speaker Box Kit,,$268.70,"$20,530.95"
,2025-07-03,Sam's Club,,$119.94,"$20,411.01"
,2025-07-06,Microsoft Store,,$29.99,"$20,381.02"
,2025-07-06,7-11,,$28.30,"$20,352.72"
,2025-07-07,Carl's Jr,,$15.31,"$20,337.41"
,2025-07-07,Loaf N Jug,,$33.99,"$20,303.42"
,2025-07-07,Fazoli's,,$28.80,"$20,274.62"
,2025-07-07,Paypal - 3d printed supplies,,$340.00,"$19,934.62"
,2025-07-08,Papa's Italian,,$97.16,"$19,837.46"
,2025-07-08,Walmart,,$29.46,"$19,808.00"
,2025-07-08,Dollar General,,$10.25,"$19,797.75"
,2025-07-09,Big D Super Foods - Florence,,$7.18,"$19,790.57"
,2025-07-09,Cash Withdrawl,,"$1,000.00","$18,790.57"
,2025-07-10,Verizon,,$971.81,"$17,818.76"
,2025-07-10,Sam's Club,,$17.00,"$17,801.76"
,2025-07-10,Sam's Club,,$105.41,"$17,696.35"
,2025-07-10,Oak Creek Grill,,$434.26,"$17,262.09"
,2025-07-10,Safeway,,$22.62,"$17,239.47"
,2025-07-11,Payment for Stem Camp - Florence,$485.50,,"$17,724.97"
,2025-07-11,Circle K,,$37.01,"$17,687.96"
,2025-07-11,Smokin Joe's Barbq First Firday,,$5.41,"$17,682.55"
,2025-07-12,Dominos,,$181.47,"$17,501.08"
,2025-07-12,Smokin Joes Barbq - First Friday,,$13.32,"$17,487.76"
,2025-07-13,Safeway,,$48.10,"$17,439.66"
,2025-07-14,Safeway,,$50.95,"$17,388.71"
,2025-07-15,Camp Tuition,$485.50,,"$17,874.21"
,2025-07-15,7-11,,$27.42,"$17,846.79"
,2025-07-15,7-11,,$7.40,"$17,839.39"
,2025-07-16,SECOM,,$64.95,"$17,774.44"
,2025-07-16,San Isabel,,$156.02,"$17,618.42"
,2025-07-16,Glass Force,,"$1,242.24","$16,376.18"
,2025-07-16,First Choice,,$11.95,"$16,364.23"
,2025-07-16,Big O,,"$1,258.01","$15,106.22"
,2025-07-16,Loaf N Jug,,$59.02,"$15,047.20"
,2025-07-17,Intern,,$500.00,"$14,547.20"
,2025-07-17,Helpers for Camp,,"$1,700.00","$12,847.20"
,2025-07-17,Teacher Pay,,"$2,000.00","$10,847.20"
,2025-07-18,KFC,,$72.81,"$10,774.39"
,2025-07-19,Gub Gub's,,$79.54,"$10,694.85"
,2025-07-19,City of Walsenburg,,$136.86,"$10,557.99"
,2025-07-20,Carl's Jr,,$44.71,"$10,513.28"
,2025-07-22,B Street Cafe,,$80.80,"$10,432.48"
,2025-07-22,Pueblo Arc,,$24.00,"$10,408.48"
,2025-07-22,Loaf N Jug,,$40.99,"$10,367.49"
,2025-07-23,Superior Car Wash,,$14.00,"$10,353.49"
,2025-07-26,Imprint,,$701.84,"$9,651.65"
,2025-07-27,7-11,,$22.85,"$9,628.80"
,2025-07-28,Amazon,,$29.71,"$9,599.09"
,2025-07-28,Dollar General,,$21.24,"$9,577.85"
,2025-07-28,BOCES,"$9,805.77",,"$19,383.62"
,2025-07-30,Dominos,,$39.00,"$19,344.62"
,2025-07-30,PB&T,,"$1,500.00","$17,844.62"
,2025-07-31,Loaf N Jug,,$30.02,"$17,814.60"
,2025-08-01,Amazon,,$10.86,"$17,803.74"
,2025-08-04,Dollar General,,$22.77,"$17,780.97"
,2025-08-05,Safeway,,$3.69,"$17,777.28"
,2025-08-05,Loaf N Jug,,$32.54,"$17,744.74"
,2025-08-05,Walmart,,$42.85,"$17,701.89"
,2025-08-08,Code Monkey,,$750.00,"$16,951.89"
,2025-08-09,Sam's Club,,$229.59,"$16,722.30"
,2025-08-10,Verizon WIreless,,$946.85,"$15,775.45"
,2025-08-10,Sam's Club - Gas,,$29.00,"$15,746.45"
,2025-08-11,Papa's Italian Restaurant,,$27.47,"$15,718.98"
,2025-08-11,Blaze AI,,$157.14,"$15,561.84"
,2025-08-12,Walmart,,$11.02,"$15,550.82"
,2025-08-13,Amazon - Keyboard,,$21.45,"$15,529.37"
,2025-08-13,Little Caesar's,,$19.35,"$15,510.02"
,2025-08-13,Love's - Pueblo,,$37.50,"$15,472.52"
,2025-08-13,Blaze AI,,$157.14,"$15,315.38"
,2025-08-14,Amazon,,$84.99,"$15,230.39"
,2025-08-16,New Horizons,,$16.00,"$15,214.39"
,2025-08-16,Loaf n Jug,,$34.59,"$15,179.80"
,2025-08-16,San Isabel Electric Coop,,$276.64,"$14,903.16"
,2025-08-17,City of Walsenburg,,$135.11,"$14,768.05"
,2025-08-17,J & M Solutions,,"$2,000.00","$12,768.05"
,2025-08-18,UPS,,$29.39,"$12,738.66"
,2025-08-18,Papas Italian,,$22.24,"$12,716.42"
,2025-08-18,UPS,,$40.82,"$12,675.60"
,2025-08-18,UPS,,$9.05,"$12,666.55"
,2025-08-18,UPS,,$9.05,"$12,657.50"
,2025-08-19,SECOM,,$64.95,"$12,592.55"
,2025-08-19,Little Caesars,,$21.50,"$12,571.05"
,2025-08-20,Circle K,,$30.00,"$12,541.05"
,2025-08-22,Amazon,,$219.88,"$12,321.17"
,2025-08-23,Loaf N Jug - Walsenburg,,$26.02,"$12,295.15"
,2025-08-25,Papa Italian,,$25.89,"$12,269.26"
,2025-08-25,Payment to Intern,,$500.00,"$11,769.26"
,2025-08-25,Loaf N Jug,,$32.00,"$11,737.26"
,2025-08-25,7-11,,$29.00,"$11,708.26"
,2025-08-27,Little Caesar's,,$22.57,"$11,685.69"
,2025-08-27,Little Caesars,,$9.95,"$11,675.74"
,2025-08-27,Walmart,,$152.61,"$11,523.13"
,2025-08-27,Makestickers,,$125.99,"$11,397.14"
,2025-08-28,Dollar General,,$24.70,"$11,372.44"
,2025-08-28,BOCES,"$8,914.33",,"$20,286.77"
,2025-08-29,Loaf n Jug,,$41.02,"$20,245.75"
,2025-08-31,7-11,,$28.30,"$20,217.45"
,2025-09-01,Walmart,,$36.15,"$20,181.30"
,2025-09-02,Papa Italian,,$23.34,"$20,157.96"
,2025-09-02,Walmart,,$50.25,"$20,107.71"
,2025-09-02,PB&T,,"$1,500.00","$18,607.71"
,2025-09-03,Little Ceasar's,,$21.50,"$18,586.21"
,2025-09-03,National Cyber League,,$450.00,"$18,136.21"
,2025-09-03,Maverick,,$37.90,"$18,098.31"
,2025-09-04,Little Caesar's,,$19.91,"$18,078.40"
,2025-09-05,BOCES,$445.72,,"$18,524.12"
,2025-09-05,Popcorn,,$33.25,"$18,490.87"
,2025-09-07,Safeway,,$31.06,"$18,459.81"
,2025-09-08,Walmart,,$84.04,"$18,375.77"
,2025-09-08,7-11,,$28.30,"$18,347.47"
,2025-09-08,Maverick,,$31.00,"$18,316.47"
,2025-09-09,Champion Express,,$26.00,"$18,290.47"
,2025-09-09,Papa's Italian,,$24.74,"$18,265.73"
,2025-09-09,PAX8 Donation,"$19,750.00",,"$38,015.73"
,2025-09-09,Amazon,,$36.20,"$37,979.53"
,2025-09-10,Verizon,,$929.04,"$37,050.49"
,2025-09-10,Little Caesar's,,$21.50,"$37,028.99"
,2025-09-10,Sam's Club,,$100.93,"$36,928.06"
,2025-09-11,Amazon,,$90.81,"$36,837.25"
,2025-09-11,Little Caesar's,,$18.91,"$36,818.34"
,2025-09-11,Transfer to J & M for accounting,,"$1,000.00","$35,818.34"
,2025-09-11,Love's,,$43.00,"$35,775.34"
,2025-09-12,Hotels dot com,,"$1,391.15","$34,384.19"
,2025-09-12,Remove Background,,$0.01,"$34,384.18"
,2025-09-12,Remove background,,$1.00,"$34,383.18"
,2025-09-14,7-11,,$23.94,"$34,359.24"
,2025-09-15,Glass Force,,"$1,242.24","$33,117.00"
,2025-09-15,Walmart,,$66.70,"$33,050.30"
,2025-09-16,Papa Italian's,,$24.16,"$33,026.14"
,2025-09-16,SECOM,,$64.95,"$32,961.19"
,2025-09-16,San Isabel,,$257.87,"$32,703.32"
,2025-09-16,Maverick,,$35.76,"$32,667.56"
,2025-09-17,Little Caesar's,,$21.50,"$32,646.06"
,2025-09-17,Altitude,,$56.03,"$32,590.03"
,2025-09-17,Walmart,,$102.22,"$32,487.81"
,2025-09-17,J & M Solutions,,"$2,000.00","$30,487.81"
,2025-09-18,Little Caesars,,$15.04,"$30,472.77"
,2025-09-19,City of Walsenburg,,$138.96,"$30,333.81"
,2025-09-19,Amazon,,$52.28,"$30,281.53"
,2025-09-19,International Card Fee,,$0.40,"$30,281.13"
,2025-09-19,Remove Background,,$49.95,"$30,231.18"
,2025-09-19,Science Grant,"$8,857.00",,"$39,088.18"
,2025-09-19,Walmart,,$45.75,"$39,042.43"
,2025-09-20,Amazon,,$342.51,"$38,699.92"
,2025-09-20,Little Caesar's,,$23.65,"$38,676.27"
,2025-09-21,Pocketprep,,$49.99,"$38,626.28"
,2025-09-21,7-11,,$40.27,"$38,586.01"
,2025-09-21,TA Express,,$37.01,"$38,549.00"
,2025-09-21,Amazon,,$11.83,"$38,537.17"
,2025-09-21,Amazon,,$21.45,"$38,515.72"
,2025-09-22,Revbotics,,$871.43,"$37,644.29"
,2025-09-22,US Store - Bambulab,,$391.05,"$37,253.24"
,2025-09-23,Papa Italians,,$23.19,"$37,230.05"
,2025-09-23,National Cyber League,,$45.00,"$37,185.05"
,2025-09-23,Walmart,,$20.00,"$37,165.05"
,2025-09-24,Little Caesar's,,$21.50,"$37,143.55"
,2025-09-24,Loaf N Jug,,$30.99,"$37,112.56"
,2025-09-24,Walmart,,$51.03,"$37,061.53"
,2025-09-25,Little Caesars,,$10.81,"$37,050.72"
,2025-09-26,Per Pupil Funding,"$9,360.05",,"$46,410.77"
,2025-09-26,Amazon - Hard Drives,,$106.12,"$46,304.65"
,2025-09-26,Amazon,,$84.96,"$46,219.69"
,2025-09-26,Walmart,,$42.75,"$46,176.94"
,2025-09-28,SP Andymark,,"$1,150.61","$45,026.33"
,2025-09-28,7-11,,$28.30,"$44,998.03"
,2025-09-29,Walmart,,$6.82,"$44,991.21"
,2025-09-29,Walmart,,$42.76,"$44,948.45"
,2025-09-30,Little Caesar's,,$27.95,"$44,920.50"
,2025-09-30,Papa Italians,,$24.74,"$44,895.76"
,2025-09-30,PB&T Bank,,"$1,500.00","$43,395.76"
,2025-10-01,Amazon,,$317.68,"$43,078.08"
,2025-10-01,Amazon - Ink Toner,,"$1,005.26","$42,072.82"
,2025-10-01,Albertson's,,$30.36,"$42,042.46"
,2025-10-01,Amazon - Hardware,,$192.96,"$41,849.50"
,2025-10-01,Little Caesar's,,$9.73,"$41,839.77"
,2025-10-01,Little Ceasars,,$25.82,"$41,813.95"
,2025-10-01,Amazon - Server items,,$172.28,"$41,641.67"
,2025-10-03,Antler's Hotel,,$106.51,"$41,535.16"
,2025-10-04,Circle K,,$45.11,"$41,490.05"
,2025-10-04,Metro parking,,$17.99,"$41,472.06"
,2025-10-05,Safeway,,$13.75,"$41,458.31"
,2025-10-05,7-11,,$46.79,"$41,411.52"
,2025-10-06,Papa Italian,,$23.31,"$41,388.21"
,2025-10-06,Walmart,,$28.20,"$41,360.01"
,2025-10-07,STEMx Confernce,,$588.73,"$40,771.28"
,2025-10-07,Sams Club,,$42.98,"$40,728.30"
,2025-10-07,Sam's Club,,$98.45,"$40,629.85"
,2025-10-07,Little Ceasar's,,$21.50,"$40,608.35"
,2025-10-07,CSU-Pueblo,,$344.00,"$40,264.35"
,2025-10-07,Hotels.com,,$254.88,"$40,009.47"
,2025-10-07,National Cyber League,,$45.00,"$39,964.47"
,2025-10-08,CSU-P,,$344.00,"$39,620.47"
,2025-10-08,Little Ceasars,,$10.73,"$39,609.74"
,2025-10-10,Verizon,,$942.74,"$38,667.00"
,2025-10-12,Dollar General,,$17.59,"$38,649.41"
,2025-10-12,7-11,,$18.00,"$38,631.41"
,2025-10-12,Gub Gubs,,$65.74,"$38,565.67"
,2025-10-13,Papa Italian,,$34.17,"$38,531.50"
,2025-10-13,Amazon,,$63.76,"$38,467.74"
,2025-10-13,Amazon,,$8.42,"$38,459.32"
,2025-10-13,Walmart,,$34.68,"$38,424.64"
,2025-10-14,National Cyber League,,$55.00,"$38,369.64"
,2025-10-14,Circle K,,$33.00,"$38,336.64"
,2025-10-14,Walmart,,$48.97,"$38,287.67"
,2025-10-15,Little Caesar's,,$21.50,"$38,266.17"
,2025-10-15,Altitude,,$41.02,"$38,225.15"
,2025-10-16,Little Caesar's,,$24.85,"$38,200.30"
,2025-10-16,SECOM,,$64.95,"$38,135.35"
,2025-10-16,San Isabel,,$157.94,"$37,977.41"
,2025-10-17,New Horizons,,$17.00,"$37,960.41"
,2025-10-17,Sam's Club,,$138.83,"$37,821.58"
,2025-10-17,J & M Solutions,,"$2,000.00","$35,821.58"
,2025-10-18,Golden Corral,,$142.32,"$35,679.26"
,2025-10-18,Maverick,,$61.02,"$35,618.24"
,2025-10-18,City of Walsenburg,,$99.38,"$35,518.86"
,2025-10-18,Maverick,,$41.85,"$35,477.01"
,2025-10-18,Maverick,,$22.10,"$35,454.91"
,2025-10-18,Southwest Grill,,$47.70,"$35,407.21"
,2025-10-19,SP AndyMark Robotics,,"$1,588.44","$33,818.77"
,2025-10-19,International Fee,,$0.40,"$33,818.37"
,2025-10-19,Remove Background,,$49.95,"$33,768.42"
,2025-10-19,7-11,,$40.27,"$33,728.15"
,2025-10-21,Staples,,$35.51,"$33,692.64"
,2025-10-21,Loaf N Jug,,$40.03,"$33,652.61"
,2025-10-21,Walmart,,$61.47,"$33,591.14"
,2025-10-23,Little Caesars,,$11.73,"$33,579.41"
,2025-10-23,Walmart,,$24.34,"$33,555.07"
,2025-10-23,Subway,,$34.93,"$33,520.14"
,2025-10-24,Altitude,,$50.12,"$33,470.02"
,2025-10-24,Pitsco Education,,$325.00,"$33,145.02"
,2025-10-25,Little Caesares,,$30.10,"$33,114.92"
,2025-10-25,Papa Italians,,$25.89,"$33,089.03"
,2025-10-26,7-11,,$28.30,"$33,060.73"
,2025-10-26,Amazon,,$566.88,"$32,493.85"
,2025-10-26,Loaf N Jug,,$31.01,"$32,462.84"
,2025-10-27,Papa Italians,,$18.44,"$32,444.40"
,2025-10-27,VIOC,,$111.45,"$32,332.95"
,2025-10-27,Walmart,,$36.20,"$32,296.75"
,2025-10-27,Papa Italian's,,$21.86,"$32,274.89"
,2025-10-28,BOCES,"$8,914.33",,"$41,189.22"
,2025-10-28,Cirlce K,,$2.17,"$41,187.05"
,2025-10-28,Little Caesar's,,$26.89,"$41,160.16"
,2025-10-30,PB&T,,"$1,500.00","$39,660.16"
,2025-10-30,Little Caesar's,,$10.73,"$39,649.43"
,2025-10-30,Walmart,,$40.56,"$39,608.87"
,2025-10-30,Amazon,,$116.58,"$39,492.29"
,2025-10-30,Dollar General,,$19.44,"$39,472.85"
,2025-10-31,TST Walsenburg,,$27.92,"$39,444.93"
,2025-10-31,Harbor Freight,,$8.59,"$39,436.34"
,2025-10-31,Loaf N Jug,,$42.95,"$39,393.39"
,2025-10-31,Little Ceasar's,,$21.50,"$39,371.89"
,2025-10-31,Sam's Club,,$65.62,"$39,306.27"
,2025-11-02,Mod Pizza,,$74.64,"$39,231.63"
,2025-11-02,7-11,,$40.27,"$39,191.36"
,2025-11-03,Papa Italians,,$23.31,"$39,168.05"
,2025-11-03,Walmart,,$25.72,"$39,142.33"
,2025-11-03,Loaf N Jug,,$31.01,"$39,111.32"
,2025-11-04,Little Caesar's,,$21.50,"$39,089.82"
,2025-11-05,The Public House,,$13.25,"$39,076.57"
,2025-11-05,Loaf N Jug,,$33.76,"$39,042.81"
,2025-11-05,Little Caesar's,,$27.15,"$39,015.66"
,2025-11-05,Harbor Freight,,$64.53,"$38,951.13"
,2025-11-06,Lowe's,,$113.26,"$38,837.87"
,2025-11-06,Dollar General,,$8.17,"$38,829.70"
,2025-11-07,Safeway,,$59.93,"$38,769.77"
,2025-11-07,UPS Shipping,,"$1,812.80","$36,956.97"
,2025-11-08,BCS Bar B Q,,$34.33,"$36,922.64"
,2025-11-09,7-11,,$22.85,"$36,899.79"
,2025-11-10,Verizon,,$899.32,"$36,000.47"
,2025-11-10,Checks Unlimited,,$67.85,"$35,932.62"
Totals and Ending Balance,,,"$131,013.51","$110,175.57","$35,932.62"
Balance Change,,,"$20,837.94",,
""
,Wave Payments,,,,
Starting Balance,,,,,$0.00
,2025-03-11,Checkout Payment: Pueblo STEM Camp,$24.27,,$24.27
,2025-03-12,Checkout Payment: Pueblo STEM Camp,$24.27,,$48.54
,2025-03-12,Checkout Payment: Pueblo STEM Camp,$24.27,,$72.81
,2025-03-13,Checkout Payment: Florence STEM Camp,$24.27,,$97.08
,2025-03-26,Checkout Payment: Pueblo STEM Camp,$24.27,,$121.35
,2025-03-27,Checkout Payment: Pueblo STEM Camp,$24.27,,$145.62
,2025-04-04,Checkout Payment: Pueblo STEM Camp,$24.27,,$169.89
,2025-05-03,Checkout Payment: Walsenburg STEM Camp,$24.27,,$194.16
,2025-05-03,Checkout Payment: Pueblo STEM Camp,$24.27,,$218.43
,2025-05-15,Checkout Payment: Florence STEM Camp,$24.15,,$242.58
,2025-05-16,Checkout Payment: Florence STEM Camp,$24.27,,$266.85
,2025-05-16,Checkout Payment: Florence STEM Camp,$24.27,,$291.12
,2025-05-19,Checkout Payment: Pueblo STEM Camp,$24.27,,$315.39
,2025-05-19,Checkout Refund: Florence STEM Camp,,$24.15,$291.24
,2025-05-19,Checkout Refund: Florence STEM Camp,,$24.27,$266.97
,2025-05-19,Checkout Refund: Florence STEM Camp,,$24.27,$242.70
,2025-05-19,Checkout Refund: Florence STEM Camp,,$24.27,$218.43
,2025-05-20,Checkout Payment: Pueblo STEM Camp,$24.27,,$242.70
,2025-05-20,Checkout Payment: Pueblo STEM Camp,$24.27,,$266.97
,2025-05-26,Checkout Payment: Pueblo STEM Camp,$24.27,,$291.24
,2025-05-28,Checkout Payment: PAX8 Member Donation - Thankyou!,$72.82,,$364.06
,2025-07-09,Checkout Payment: Provide Lunch for the Week of Camp,$485.50,,$849.56
,2025-07-11,Jonathan Haas - Payment for Invoice #1,$485.50,,"$1,335.06"
Totals and Ending Balance,,,"$1,432.02",$96.96,"$1,335.06"
Balance Change,,,"$1,335.06",,
""
,2025 Summer Stem Camp,,,,
Starting Balance,,,,,$0.00
,2025-03-11,Checkout Payment: Pueblo STEM Camp,,$25.00,$25.00
,2025-03-12,Checkout Payment: Pueblo STEM Camp,,$25.00,$50.00
,2025-03-12,Checkout Payment: Pueblo STEM Camp,,$25.00,$75.00
,2025-03-13,Checkout Payment: Florence STEM Camp,,$25.00,$100.00
,2025-03-13,Summer Camp,,$48.54,$148.54
,2025-03-14,Summer Camp,,$48.54,$197.08
,2025-03-17,Summer Camp Sign Up,,$24.27,$221.35
,2025-03-26,Checkout Payment: Pueblo STEM Camp,,$25.00,$246.35
,2025-03-27,Checkout Payment: Pueblo STEM Camp,,$25.00,$271.35
,2025-03-28,Summer Camp,,$24.27,$295.62
,2025-03-31,Summer Camp,,$24.27,$319.89
,2025-04-04,Checkout Payment: Pueblo STEM Camp,,$25.00,$344.89
,2025-04-08,Wave Transaction,,$24.27,$369.16
,2025-05-03,Checkout Payment: Walsenburg STEM Camp,,$25.00,$394.16
,2025-05-03,Checkout Payment: Pueblo STEM Camp,,$25.00,$419.16
,2025-05-06,STEM Camp Payment,,$48.54,$467.70
,2025-05-15,Checkout Payment: Florence STEM Camp,,$25.00,$492.70
,2025-05-16,Checkout Payment: Florence STEM Camp,,$25.00,$517.70
,2025-05-16,Checkout Payment: Florence STEM Camp,,$25.00,$542.70
,2025-05-19,Checkout Payment: Pueblo STEM Camp,,$25.00,$567.70
,2025-05-19,Checkout Refund: Florence STEM Camp,$25.00,,$542.70
,2025-05-19,Checkout Refund: Florence STEM Camp,$25.00,,$517.70
,2025-05-19,Checkout Refund: Florence STEM Camp,$25.00,,$492.70
,2025-05-19,Checkout Refund: Florence STEM Camp,$25.00,,$467.70
,2025-05-19,Florence STEM Camp,,$24.15,$491.85
,2025-05-20,Checkout Payment: Pueblo STEM Camp,,$25.00,$516.85
,2025-05-20,Checkout Payment: Pueblo STEM Camp,,$25.00,$541.85
,2025-05-20,STEM Camp Payment,,$48.54,$590.39
,2025-05-21,Refund from Summer Camp ,$72.69,,$517.70
,2025-05-22,Stem Camp,,$48.54,$566.24
,2025-05-26,Checkout Payment: Pueblo STEM Camp,,$25.00,$591.24
,2025-05-28,Checkout Payment: PAX8 Member Donation - Thankyou!,,$75.00,$666.24
,2025-05-28,STEM School payment,,$24.27,$690.51
,2025-06-07,Rotary Club Donation for Summer Camp,,$750.00,"$1,440.51"
,2025-07-09,Checkout Payment: Provide Lunch for the Week of Camp,,$500.00,"$1,940.51"
,2025-07-11,Jonathan Haas - 1 - 25 Campers,,$500.00,"$2,440.51"
,2025-07-11,Payment for Stem Camp - Florence,,$485.50,"$2,926.01"
,2025-07-15,Camp Tuition,,$485.50,"$3,411.51"
Totals and Ending Balance,,,$172.69,"$3,584.20","$3,411.51"
Balance Change,,,"$3,411.51",,
""
,Battelle,,,,
Starting Balance,,,,,$0.00
,2025-01-29,Battelle Grant,,"$20,000.00","$20,000.00"
Totals and Ending Balance,,,$0.00,"$20,000.00","$20,000.00"
Balance Change,,,"$20,000.00",,
""
,BOCES,,,,
Starting Balance,,,,,"$41,284.80"
BOC,2025-01-28,BOCES,,"$6,852.64","$48,137.44"
BOC,2025-02-27,EdRenvisioned,,"$6,876.78","$55,014.22"
BOC,2025-03-28,BOCES,,"$6,876.78","$61,891.00"
BOC,2025-04-28,EduReenv BOCES,,"$6,876.78","$68,767.78"
BOC,2025-05-28,BOCES,,"$6,876.78","$75,644.56"
BOC,2025-06-27,BOCES,,"$6,876.78","$82,521.34"
BOC,2025-07-28,BOCES,,"$9,805.77","$92,327.11"
BOC,2025-08-28,BOCES,,"$8,914.33","$101,241.44"
BOC,2025-09-05,BOCES,,$445.72,"$101,687.16"
BOC,2025-09-26,Per Pupil Funding,,"$9,360.05","$111,047.21"
BOC,2025-10-28,BOCES,,"$8,914.33","$119,961.54"
Totals and Ending Balance,,,$0.00,"$78,676.74","$119,961.54"
Balance Change,,,"$78,676.74",,
""
,Donations,,,,
Starting Balance,,,,,$0.00
,2025-05-19,Venmo - Cash Out,,$20.00,$20.00
,2025-05-30,PAX 8 Donation,,$72.82,$92.82
,2025-09-09,PAX8 Donation,,"$19,750.00","$19,842.82"
Totals and Ending Balance,,,$0.00,"$19,842.82","$19,842.82"
Balance Change,,,"$19,842.82",,
""
,Girls in IT 2025,,,,
Starting Balance,,,,,$0.00
,2025-05-19,Donation,,$882.71,$882.71
Totals and Ending Balance,,,$0.00,$882.71,$882.71
Balance Change,,,$882.71,,
""
,Science Grant,,,,
Starting Balance,,,,,$0.00
,2025-09-19,Science Grant,,"$8,857.00","$8,857.00"
Totals and Ending Balance,,,$0.00,"$8,857.00","$8,857.00"
Balance Change,,,"$8,857.00",,
""
,4H Camps,,,,
Starting Balance,,,,,$0.00
,2025-09-26,Amazon,$84.96,,$84.96
,2025-09-26,Walmart,$42.75,,$127.71
Totals and Ending Balance,,,$127.71,$0.00,$127.71
Balance Change,,,$127.71,,
""
,Accounting Fees,,,,
Starting Balance,,,,,$0.00
,2025-02-23,Wave Apps Pro,$170.00,,$170.00
,2025-09-11,Transfer to J & M for accounting,"$1,000.00",,"$1,170.00"
Totals and Ending Balance,,,"$1,170.00",$0.00,"$1,170.00"
Balance Change,,,"$1,170.00",,
""
,Advertising & Promotion,,,,
Starting Balance,,,,,"$1,207.53"
,2025-01-03,Compass Farm Charactoers,$108.00,,"$1,315.53"
,2025-01-12,Advertisement Booth At Wold Lodge,$150.00,,"$1,465.53"
,2025-01-17,MakeStickers,$66.80,,"$1,532.33"
,2025-01-20,PC Name Tag,$264.22,,"$1,796.55"
,2025-01-21,Staples,$79.52,,"$1,876.07"
,2025-04-25,Amazon,$40.00,,"$1,916.07"
,2025-04-28,Queensboro,$158.82,,"$2,074.89"
,2025-05-23,Staples,$255.33,,"$2,330.22"
,2025-06-07,Murray Security,$15.00,,"$2,345.22"
,2025-06-07,Murray Security,$15.00,,"$2,360.22"
,2025-06-07,Murray Security,$15.00,,"$2,375.22"
,2025-06-07,Murray Security,$15.00,,"$2,390.22"
,2025-07-26,Imprint,$701.84,,"$3,092.06"
,2025-08-27,Makestickers,$125.99,,"$3,218.05"
,2025-10-21,Staples,$35.51,,"$3,253.56"
Totals and Ending Balance,,,"$2,046.03",$0.00,"$3,253.56"
Balance Change,,,"$2,046.03",,
""
,Bank Service Charges,,,,
Starting Balance,,,,,$0.00
,2025-04-29,Card Fee,$0.01,,$0.01
,2025-05-07,International Card Fee,$0.34,,$0.35
,2025-06-14,Paypal,$1.00,,$1.35
,2025-09-12,Remove Background,$0.01,,$1.36
,2025-09-19,International Card Fee,$0.40,,$1.76
,2025-10-19,International Fee,$0.40,,$2.16
Totals and Ending Balance,,,$2.16,$0.00,$2.16
Balance Change,,,$2.16,,
""
,Computer – Hardware,,,,
Starting Balance,,,,,"$3,602.94"
,2025-01-04,Amazon Purchase of Supplies,$406.52,,"$4,009.46"
,2025-01-19,Amazon Marketplace,$103.52,,"$4,112.98"
,2025-04-04,Amazon,$23.87,,"$4,136.85"
,2025-04-08,Amazon,$63.78,,"$4,200.63"
,2025-04-09,Amazon - Laptop Batteries,$190.40,,"$4,391.03"
,2025-04-25,Amazon,$125.33,,"$4,516.36"
,2025-05-29,Amazon - Laptop Charger,$14.05,,"$4,530.41"
,2025-06-24,Amazon,$169.73,,"$4,700.14"
,2025-07-22,Pueblo Arc,$24.00,,"$4,724.14"
,2025-07-28,Amazon,$29.71,,"$4,753.85"
,2025-08-01,Amazon,$10.86,,"$4,764.71"
,2025-08-13,Amazon - Keyboard,$21.45,,"$4,786.16"
,2025-08-14,Amazon,$84.99,,"$4,871.15"
,2025-08-16,New Horizons,$16.00,,"$4,887.15"
,2025-08-22,Amazon,$219.88,,"$5,107.03"
,2025-09-09,Amazon,$36.20,,"$5,143.23"
,2025-09-11,Amazon,$90.81,,"$5,234.04"
,2025-09-19,Amazon,$52.28,,"$5,286.32"
,2025-09-20,Amazon,$342.51,,"$5,628.83"
,2025-09-21,Amazon,$11.83,,"$5,640.66"
,2025-09-21,Amazon,$21.45,,"$5,662.11"
,2025-09-26,Amazon - Hard Drives,$106.12,,"$5,768.23"
,2025-10-01,Amazon,$317.68,,"$6,085.91"
,2025-10-01,Amazon - Hardware,$192.96,,"$6,278.87"
,2025-10-01,Amazon - Server items,$172.28,,"$6,451.15"
,2025-10-13,Amazon,$63.76,,"$6,514.91"
,2025-10-13,Amazon,$8.42,,"$6,523.33"
,2025-10-17,New Horizons,$17.00,,"$6,540.33"
,2025-10-26,Amazon,$566.88,,"$7,107.21"
,2025-10-30,Amazon,$116.58,,"$7,223.79"
,2025-10-31,Harbor Freight,$8.59,,"$7,232.38"
Totals and Ending Balance,,,"$3,629.44",$0.00,"$7,232.38"
Balance Change,,,"$3,629.44",,
""
,Computer – Hosting,,,,
Starting Balance,,,,,$0.00
,2025-01-06,WIX,$17.35,,$17.35
,2025-01-22,WIX,$228.00,,$245.35
Totals and Ending Balance,,,$245.35,$0.00,$245.35
Balance Change,,,$245.35,,
""
,Computer – Internet,,,,
Starting Balance,,,,,$259.80
,2025-01-16,SECOM,$64.95,,$324.75
,2025-02-19,SECOM,$64.95,,$389.70
,2025-03-18,SECOM,$64.95,,$454.65
,2025-04-16,SECOM,$64.95,,$519.60
,2025-05-16,SECOM,$64.95,,$584.55
,2025-06-17,SECOM,$64.95,,$649.50
,2025-07-16,SECOM,$64.95,,$714.45
,2025-08-19,SECOM,$64.95,,$779.40
,2025-09-16,SECOM,$64.95,,$844.35
,2025-10-16,SECOM,$64.95,,$909.30
Totals and Ending Balance,,,$649.50,$0.00,$909.30
Balance Change,,,$649.50,,
""
,Computer – Software,,,,
Starting Balance,,,,,"$1,546.74"
,2025-02-11,Tech Soup,$119.00,,"$1,665.74"
,2025-04-16,TeachersPayTeachers,$2.11,,"$1,667.85"
,2025-04-29,Send SMS Info,$1.14,,"$1,668.99"
,2025-05-07,Send SMS Info,$34.12,,"$1,703.11"
,2025-07-06,Microsoft Store,$29.99,,"$1,733.10"
,2025-08-08,Code Monkey,$750.00,,"$2,483.10"
,2025-09-12,Remove background,$1.00,,"$2,484.10"
,2025-09-19,Remove Background,$49.95,,"$2,534.05"
,2025-09-21,Pocketprep,$49.99,,"$2,584.04"
,2025-10-19,Remove Background,$49.95,,"$2,633.99"
Totals and Ending Balance,,,"$1,087.25",$0.00,"$2,633.99"
Balance Change,,,"$1,087.25",,
""
,Education & Training,,,,
Starting Balance,,,,,$10.00
,2025-02-04,School Choice,,$100.00,-$90.00
,2025-02-07,InnEdCo,$402.00,,$312.00
,2025-06-11,Beaver Run Resort,$307.26,,$619.26
,2025-07-09,Charlotte Ryan - Bill 1 - Internship,$500.00,,"$1,119.26"
,2025-08-11,Blaze AI,$157.14,,"$1,276.40"
,2025-08-13,Blaze AI,$157.14,,"$1,433.54"
,2025-09-12,Hotels dot com,"$1,391.15",,"$2,824.69"
,2025-10-07,STEMx Confernce,$588.73,,"$3,413.42"
,2025-10-07,Hotels.com,$254.88,,"$3,668.30"
Totals and Ending Balance,,,"$3,758.30",$100.00,"$3,668.30"
Balance Change,,,"$3,658.30",,
""
,Field Trip,,,,
Starting Balance,,,,,$0.00
,2025-01-29,Papa's Restaurant,$107.39,,$107.39
,2025-02-04,Cash Withdrawal,$200.00,,$307.39
Totals and Ending Balance,,,$307.39,$0.00,$307.39
Balance Change,,,$307.39,,
""
,Girls in IT,,,,
Starting Balance,,,,,$0.00
,2025-03-01,Amazon - Flying Orb,$106.09,,$106.09
,2025-03-11,Makestickers  - Girls in IT,$123.35,,$229.44
,2025-03-22,4 boys apparel  - T Shirts,$491.91,,$721.35
,2025-03-24,Amazon - 2 Give away Drones,$47.64,,$768.99
,2025-03-24,Amazon - ID Card Holders,$141.85,,$910.84
,2025-03-24,Amazon - Sunglasses,$61.41,,$972.25
,2025-03-25,Photo Backdrop,$51.08,,"$1,023.33"
,2025-04-04,Amazon,$54.07,,"$1,077.40"
,2025-04-16,Amazon - Door Prizes,$93.17,,"$1,170.57"
,2025-04-22,Crumbl Cookie,$40.00,,"$1,210.57"
,2025-04-23,Walmart,$35.02,,"$1,245.59"
,2025-04-24,Sam's Club,$162.97,,"$1,408.56"
,2025-04-24,Little Caesar's,$145.10,,"$1,553.66"
,2025-04-24,Walmart,$5.94,,"$1,559.60"
Totals and Ending Balance,,,"$1,559.60",$0.00,"$1,559.60"
Balance Change,,,"$1,559.60",,
""
,Government Fees,,,,
Starting Balance,,,,,$10.00
,2025-05-01,Colorado Secretary of State,$10.00,,$20.00
,2025-06-01,Colorado Secretary of State,$25.00,,$45.00
Totals and Ending Balance,,,$35.00,$0.00,$45.00
Balance Change,,,$35.00,,
""
,Insurance – Vehicles,,,,
Starting Balance,,,,,$202.80
,2025-01-24,Progressive,"$2,275.20",,"$2,478.00"
Totals and Ending Balance,,,"$2,275.20",$0.00,"$2,478.00"
Balance Change,,,"$2,275.20",,
""
,Intern,,,,
Starting Balance,,,,,$0.00
,2025-07-09,Cash Withdrawl,$500.00,,$500.00
,2025-07-17,Intern,$500.00,,"$1,000.00"
,2025-08-25,Payment to Intern,$500.00,,"$1,500.00"
Totals and Ending Balance,,,"$1,500.00",$0.00,"$1,500.00"
Balance Change,,,"$1,500.00",,
""
,League Entry Fees,,,,
Starting Balance,,,,,$560.00
,2025-01-28,National Cyber League,$350.00,,$910.00
,2025-02-08,National Cyber League,$105.00,,"$1,015.00"
,2025-02-09,National Cyber League,$70.00,,"$1,085.00"
,2025-09-03,National Cyber League,$450.00,,"$1,535.00"
,2025-09-23,National Cyber League,$45.00,,"$1,580.00"
,2025-10-07,National Cyber League,$45.00,,"$1,625.00"
,2025-10-14,National Cyber League,$55.00,,"$1,680.00"
Totals and Ending Balance,,,"$1,120.00",$0.00,"$1,680.00"
Balance Change,,,"$1,120.00",,
""
,License Fee,,,,
Starting Balance,,,,,$0.00
,2025-01-19,Colorado Dept of Education,$93.60,,$93.60
Totals and Ending Balance,,,$93.60,$0.00,$93.60
Balance Change,,,$93.60,,
""
,Meals and Entertainment,,,,
Starting Balance,,,,,"$3,085.55"
,2025-01-04,Albertson's,$93.05,,"$3,178.60"
,2025-01-05,7-11,$23.85,,"$3,202.45"
,2025-01-10,Food for Pueblo Class,$20.95,,"$3,223.40"
,2025-01-10,Walmart,$51.78,,"$3,275.18"
,2025-01-14,Food for Pueblo Class,$30.00,,"$3,305.18"
,2025-01-15,Walmart,$16.78,,"$3,321.96"
,2025-01-17,Food for Centennial,$20.96,,"$3,342.92"
,2025-01-17,Sam's Club,$84.38,,"$3,427.30"
,2025-01-22,Walmart,$67.89,,"$3,495.19"
,2025-01-25,Dunkin Doughnuts,$6.96,,"$3,502.15"
,2025-01-26,Dollar General,$20.72,,"$3,522.87"
,2025-01-28,Food for Pueblo Class,$30.86,,"$3,553.73"
,2025-01-31,Walmart,$22.48,,"$3,576.21"
,2025-02-02,7-11,$22.85,,"$3,599.06"
,2025-02-03,First Choice,$14.95,,"$3,614.01"
,2025-02-04,PO Box 497 Pueblo,$30.86,,"$3,644.87"
,2025-02-05,Walmart,$18.52,,"$3,663.39"
,2025-02-07,Fizolis,$53.20,,"$3,716.59"
,2025-02-07,Walmart,$51.96,,"$3,768.55"
,2025-02-09,Safeway,$12.70,,"$3,781.25"
,2025-02-09,7-11,$22.85,,"$3,804.10"
,2025-02-11,The Broadmoor,$192.54,,"$3,996.64"
,2025-02-14,Carl's Jr,$15.47,,"$4,012.11"
,2025-02-14,Albertson's,$55.17,,"$4,067.28"
,2025-02-16,7-11,$22.56,,"$4,089.84"
,2025-02-19,PO BOX - Uber Eats Delivery,$19.35,,"$4,109.19"
,2025-02-21,Avainds,$26.10,,"$4,135.29"
,2025-02-21,Walmart,$11.49,,"$4,146.78"
,2025-02-23,7-11,$22.85,,"$4,169.63"
,2025-02-24,Sam's Club,$86.96,,"$4,256.59"
,2025-02-25,P.O. Box,$33.66,,"$4,290.25"
,2025-02-26,Walmart,$13.75,,"$4,304.00"
,2025-02-27,Walmart,$20.56,,"$4,324.56"
,2025-03-03,PO BOX - Door Dash,$19.35,,"$4,343.91"
,2025-03-04,PO BOX - Door Dash,$31.46,,"$4,375.37"
,2025-03-04,Walmart,$32.49,,"$4,407.86"
,2025-03-05,Sam's Club,$57.30,,"$4,465.16"
,2025-03-09,7-11,$22.85,,"$4,488.01"
,2025-03-11,Walmart,$10.64,,"$4,498.65"
,2025-03-12,Sam's Club,$16.55,,"$4,515.20"
,2025-03-18,Sam's Club,$55.90,,"$4,571.10"
,2025-03-18,Square Up Colorado Springs,$192.00,,"$4,763.10"
,2025-03-18,PO Box Pueblo,$36.59,,"$4,799.69"
,2025-03-18,Walmart,$35.90,,"$4,835.59"
,2025-03-19,Square up Colorado Springs,$210.00,,"$5,045.59"
,2025-03-19,Walmart,$24.00,,"$5,069.59"
,2025-03-20,PCC Cafeteria,$23.87,,"$5,093.46"
,2025-03-23,7-11,$22.85,,"$5,116.31"
,2025-03-26,Las Animas Grill,$71.70,,"$5,188.01"
,2025-03-30,7-11,$23.94,,"$5,211.95"
,2025-03-31,Safeway,$22.66,,"$5,234.61"
,2025-04-01,PO BOX,$32.66,,"$5,267.27"
,2025-04-02,Sam's Club,$67.52,,"$5,334.79"
,2025-04-08,PO BOX - Food for Pueblo,$30.25,,"$5,365.04"
,2025-04-08,Walmart,$34.69,,"$5,399.73"
,2025-04-10,Solar Roast,$26.42,,"$5,426.15"
,2025-04-11,Love's Inside,$10.30,,"$5,436.45"
,2025-04-11,Love's Inside,$27.41,,"$5,463.86"
,2025-04-13,7-11,$22.85,,"$5,486.71"
,2025-04-14,Safeway,$47.19,,"$5,533.90"
,2025-04-15,Little Caesar's,$31.46,,"$5,565.36"
,2025-04-15,Walmart,$40.04,,"$5,605.40"
,2025-04-16,Walmart,$29.43,,"$5,634.83"
,2025-04-17,Little Caesars,$19.35,,"$5,654.18"
,2025-04-21,Walmart,$36.32,,"$5,690.50"
,2025-04-22,Little Caesar's,$30.25,,"$5,720.75"
,2025-04-23,Walmart,$16.12,,"$5,736.87"
,2025-04-24,Circle K,$18.25,,"$5,755.12"
,2025-04-24,Circle K,$7.03,,"$5,762.15"
,2025-04-25,Walmart,$43.56,,"$5,805.71"
,2025-04-27,7-11,$29.37,,"$5,835.08"
,2025-04-29,Little Caesar's,$25.43,,"$5,860.51"
,2025-04-29,Walmart,$24.14,,"$5,884.65"
,2025-04-30,Little Caesars,$13.98,,"$5,898.63"
,2025-05-01,Little Caesar's,$29.02,,"$5,927.65"
,2025-05-03,SQ SAPO GUAPO,$59.51,,"$5,987.16"
,2025-05-03,SQ SAPO GUAPO,$13.52,,"$6,000.68"
,2025-05-04,7-11,$28.30,,"$6,028.98"
,2025-05-06,Walmart,$14.10,,"$6,043.08"
,2025-05-06,Little Caesar's,$30.25,,"$6,073.33"
,2025-05-06,Walmart,$29.49,,"$6,102.82"
,2025-05-10,First Choice,$66.65,,"$6,169.47"
,2025-05-12,Walmart,$84.94,,"$6,254.41"
,2025-05-12,First Choice,$15.03,,"$6,269.44"
,2025-05-14,Little Caesar's,$22.98,,"$6,292.42"
,2025-05-21,Chipotle,$7.41,,"$6,299.83"
,2025-05-22,Chipolte,$33.84,,"$6,333.67"
,2025-05-25,7-11,$22.85,,"$6,356.52"
,2025-05-30,Dollar General,$46.75,,"$6,403.27"
,2025-06-01,7-11,$29.39,,"$6,432.66"
,2025-06-02,Safeway,$35.76,,"$6,468.42"
,2025-06-03,Walmart,$128.28,,"$6,596.70"
,2025-06-06,Papa Bear'z,$8.95,,"$6,605.65"
,2025-06-06,Papa Bear'z,$7.33,,"$6,612.98"
,2025-06-06,Papa Bear'z,$7.33,,"$6,620.31"
,2025-06-07,Papa Bear'z,$23.00,,"$6,643.31"
,2025-06-07,Papa Bear'z,$16.24,,"$6,659.55"
,2025-06-08,First Choice,$41.58,,"$6,701.13"
,2025-06-10,Circle K,$7.92,,"$6,709.05"
,2025-06-11,Ruby Tuesdays,$142.96,,"$6,852.01"
,2025-06-11,Gaylord of the Rockies,$6.18,,"$6,858.19"
,2025-06-12,Circle K,$18.58,,"$6,876.77"
,2025-06-13,First Choice,$43.23,,"$6,920.00"
,2025-06-15,7-11,$28.30,,"$6,948.30"
,2025-06-23,Carl's Jr,$23.59,,"$6,971.89"
,2025-06-23,Carl's Jr,$23.10,,"$6,994.99"
,2025-06-29,7-11,$28.30,,"$7,023.29"
,2025-07-06,7-11,$28.30,,"$7,051.59"
,2025-07-07,Carl's Jr,$15.31,,"$7,066.90"
,2025-07-07,Fazoli's,$28.80,,"$7,095.70"
,2025-07-11,Smokin Joe's Barbq First Firday,$5.41,,"$7,101.11"
,2025-07-12,Smokin Joes Barbq - First Friday,$13.32,,"$7,114.43"
,2025-07-20,Carl's Jr,$44.71,,"$7,159.14"
,2025-07-22,B Street Cafe,$80.80,,"$7,239.94"
,2025-07-27,7-11,$22.85,,"$7,262.79"
,2025-07-30,Dominos,$39.00,,"$7,301.79"
,2025-08-05,Safeway,$3.69,,"$7,305.48"
,2025-08-05,Walmart,$42.85,,"$7,348.33"
,2025-08-09,Sam's Club,$229.59,,"$7,577.92"
,2025-08-11,Papa's Italian Restaurant,$27.47,,"$7,605.39"
,2025-08-12,Walmart,$11.02,,"$7,616.41"
,2025-08-13,Little Caesar's,$19.35,,"$7,635.76"
,2025-08-18,Papas Italian,$22.24,,"$7,658.00"
,2025-08-19,Little Caesars,$21.50,,"$7,679.50"
,2025-08-25,Papa Italian,$25.89,,"$7,705.39"
,2025-08-25,7-11,$29.00,,"$7,734.39"
,2025-08-27,Little Caesar's,$22.57,,"$7,756.96"
,2025-08-27,Little Caesars,$9.95,,"$7,766.91"
,2025-08-31,7-11,$28.30,,"$7,795.21"
,2025-09-01,Walmart,$36.15,,"$7,831.36"
,2025-09-02,Papa Italian,$23.34,,"$7,854.70"
,2025-09-02,Walmart,$50.25,,"$7,904.95"
,2025-09-03,Little Ceasar's,$21.50,,"$7,926.45"
,2025-09-04,Little Caesar's,$19.91,,"$7,946.36"
,2025-09-05,Popcorn,$33.25,,"$7,979.61"
,2025-09-07,Safeway,$31.06,,"$8,010.67"
,2025-09-08,Walmart,$84.04,,"$8,094.71"
,2025-09-08,7-11,$28.30,,"$8,123.01"
,2025-09-09,Papa's Italian,$24.74,,"$8,147.75"
,2025-09-10,Little Caesar's,$21.50,,"$8,169.25"
,2025-09-10,Sam's Club,$100.93,,"$8,270.18"
,2025-09-11,Little Caesar's,$18.91,,"$8,289.09"
,2025-09-14,7-11,$23.94,,"$8,313.03"
,2025-09-15,Walmart,$66.70,,"$8,379.73"
,2025-09-16,Papa Italian's,$24.16,,"$8,403.89"
,2025-09-17,Little Caesar's,$21.50,,"$8,425.39"
,2025-09-17,Walmart,$102.22,,"$8,527.61"
,2025-09-18,Little Caesars,$15.04,,"$8,542.65"
,2025-09-19,Walmart,$45.75,,"$8,588.40"
,2025-09-20,Little Caesar's,$23.65,,"$8,612.05"
,2025-09-21,7-11,$40.27,,"$8,652.32"
,2025-09-23,Papa Italians,$23.19,,"$8,675.51"
,2025-09-23,Walmart,$20.00,,"$8,695.51"
,2025-09-24,Little Caesar's,$21.50,,"$8,717.01"
,2025-09-24,Walmart,$51.03,,"$8,768.04"
,2025-09-25,Little Caesars,$10.81,,"$8,778.85"
,2025-09-28,7-11,$28.30,,"$8,807.15"
,2025-09-29,Walmart,$6.82,,"$8,813.97"
,2025-09-29,Walmart,$42.76,,"$8,856.73"
,2025-09-30,Little Caesar's,$27.95,,"$8,884.68"
,2025-09-30,Papa Italians,$24.74,,"$8,909.42"
,2025-10-01,Albertson's,$30.36,,"$8,939.78"
,2025-10-01,Little Caesar's,$9.73,,"$8,949.51"
,2025-10-01,Little Ceasars,$25.82,,"$8,975.33"
,2025-10-03,Antler's Hotel,$106.51,,"$9,081.84"
,2025-10-05,Safeway,$13.75,,"$9,095.59"
,2025-10-05,7-11,$46.79,,"$9,142.38"
,2025-10-06,Papa Italian,$23.31,,"$9,165.69"
,2025-10-06,Walmart,$28.20,,"$9,193.89"
,2025-10-07,Sam's Club,$98.45,,"$9,292.34"
,2025-10-07,Little Ceasar's,$21.50,,"$9,313.84"
,2025-10-08,Little Ceasars,$10.73,,"$9,324.57"
,2025-10-12,7-11,$18.00,,"$9,342.57"
,2025-10-12,Gub Gubs,$65.74,,"$9,408.31"
,2025-10-13,Papa Italian,$34.17,,"$9,442.48"
,2025-10-13,Walmart,$34.68,,"$9,477.16"
,2025-10-14,Walmart,$48.97,,"$9,526.13"
,2025-10-15,Little Caesar's,$21.50,,"$9,547.63"
,2025-10-16,Little Caesar's,$24.85,,"$9,572.48"
,2025-10-17,Sam's Club,$138.83,,"$9,711.31"
,2025-10-18,Southwest Grill,$47.70,,"$9,759.01"
,2025-10-19,7-11,$40.27,,"$9,799.28"
,2025-10-21,Walmart,$61.47,,"$9,860.75"
,2025-10-23,Little Caesars,$11.73,,"$9,872.48"
,2025-10-23,Walmart,$24.34,,"$9,896.82"
,2025-10-23,Subway,$34.93,,"$9,931.75"
,2025-10-25,Little Caesares,$30.10,,"$9,961.85"
,2025-10-25,Papa Italians,$25.89,,"$9,987.74"
,2025-10-26,7-11,$28.30,,"$10,016.04"
,2025-10-27,Papa Italians,$18.44,,"$10,034.48"
,2025-10-27,Walmart,$36.20,,"$10,070.68"
,2025-10-27,Papa Italian's,$21.86,,"$10,092.54"
,2025-10-28,Cirlce K,$2.17,,"$10,094.71"
,2025-10-28,Little Caesar's,$26.89,,"$10,121.60"
,2025-10-30,Little Caesar's,$10.73,,"$10,132.33"
,2025-10-30,Walmart,$40.56,,"$10,172.89"
,2025-10-31,TST Walsenburg,$27.92,,"$10,200.81"
,2025-10-31,Little Ceasar's,$21.50,,"$10,222.31"
,2025-10-31,Sam's Club,$65.62,,"$10,287.93"
,2025-11-02,Mod Pizza,$74.64,,"$10,362.57"
,2025-11-02,7-11,$40.27,,"$10,402.84"
,2025-11-03,Papa Italians,$23.31,,"$10,426.15"
,2025-11-03,Walmart,$25.72,,"$10,451.87"
,2025-11-04,Little Caesar's,$21.50,,"$10,473.37"
,2025-11-05,The Public House,$13.25,,"$10,486.62"
,2025-11-05,Little Caesar's,$27.15,,"$10,513.77"
,2025-11-07,Safeway,$59.93,,"$10,573.70"
,2025-11-08,BCS Bar B Q,$34.33,,"$10,608.03"
,2025-11-09,7-11,$22.85,,"$10,630.88"
Totals and Ending Balance,,,"$7,545.33",$0.00,"$10,630.88"
Balance Change,,,"$7,545.33",,
""
,Office Supplies,,,,
Starting Balance,,,,,"$1,750.00"
,2025-01-24,Staples,$21.24,,"$1,771.24"
,2025-01-24,Staples,$58.09,,"$1,829.33"
,2025-02-03,Dollar General,$10.00,,"$1,839.33"
,2025-05-01,Family Dollar,$15.86,,"$1,855.19"
,2025-06-03,Harbor Freight,$111.88,,"$1,967.07"
,2025-06-04,Family Dollar,$25.30,,"$1,992.37"
,2025-06-30,Dollar General,$10.35,,"$2,002.72"
,2025-07-28,Dollar General,$21.24,,"$2,023.96"
,2025-08-04,Dollar General,$22.77,,"$2,046.73"
,2025-08-28,Dollar General,$24.70,,"$2,071.43"
,2025-10-01,Amazon - Ink Toner,"$1,005.26",,"$3,076.69"
,2025-10-12,Dollar General,$17.59,,"$3,094.28"
,2025-10-30,Dollar General,$19.44,,"$3,113.72"
,2025-11-05,Harbor Freight,$64.53,,"$3,178.25"
,2025-11-10,Checks Unlimited,$67.85,,"$3,246.10"
Totals and Ending Balance,,,"$1,496.10",$0.00,"$3,246.10"
Balance Change,,,"$1,496.10",,
""
,Parking Fees,,,,
Starting Balance,,,,,$17.99
,2025-02-11,The Broadmoor,$14.00,,$31.99
,2025-06-11,Gaylord of the Rockies,$13.00,,$44.99
,2025-10-04,Metro parking,$17.99,,$62.98
Totals and Ending Balance,,,$44.99,$0.00,$62.98
Balance Change,,,$44.99,,
""
,Pax8 BEYOND - Advertising,,,,
Starting Balance,,,,,$0.00
,2025-04-25,Make Stickers,$193.70,,$193.70
,2025-04-28,Makestickers,$314.22,,$507.92
,2025-04-28,Vista Print,$97.20,,$605.12
,2025-04-28,Custom Lanyards,$867.32,,"$1,472.44"
Totals and Ending Balance,,,"$1,472.44",$0.00,"$1,472.44"
Balance Change,,,"$1,472.44",,
""
,Payment for Teaching Services,,,,
Starting Balance,,,,,$0.00
,2025-01-17,J & M Solutions,"$2,000.00",,"$2,000.00"
,2025-02-17,Invoice Payment,"$2,000.00",,"$4,000.00"
,2025-03-17,J & M Solutions,"$2,000.00",,"$6,000.00"
,2025-04-17,J&M Solutions,"$2,000.00",,"$8,000.00"
,2025-05-17,J & M Solutions,"$2,000.00",,"$10,000.00"
,2025-06-17,J & M Solutions,"$2,000.00",,"$12,000.00"
,2025-07-17,Teacher Pay,"$2,000.00",,"$14,000.00"
,2025-08-17,J & M Solutions,"$2,000.00",,"$16,000.00"
,2025-09-17,J & M Solutions,"$2,000.00",,"$18,000.00"
,2025-10-17,J & M Solutions,"$2,000.00",,"$20,000.00"
Totals and Ending Balance,,,"$20,000.00",$0.00,"$20,000.00"
Balance Change,,,"$20,000.00",,
""
,Professional Fees,,,,
Starting Balance,,,,,$0.00
,2025-01-15,Identigo,$56.00,,$56.00
Totals and Ending Balance,,,$56.00,$0.00,$56.00
Balance Change,,,$56.00,,
""
,Rent Expense,,,,
Starting Balance,,,,,"$9,000.00"
,2025-01-30,Rent,"$1,500.00",,"$10,500.00"
,2025-02-28,Rent payment,"$1,500.00",,"$12,000.00"
,2025-03-31,Pueblo PB&T,"$1,500.00",,"$13,500.00"
,2025-04-30,PB&T,"$1,500.00",,"$15,000.00"
,2025-05-30,PB&T,"$1,500.00",,"$16,500.00"
,2025-06-30,PB&T,"$1,500.00",,"$18,000.00"
,2025-07-30,PB&T,"$1,500.00",,"$19,500.00"
,2025-09-02,PB&T,"$1,500.00",,"$21,000.00"
,2025-09-30,PB&T Bank,"$1,500.00",,"$22,500.00"
,2025-10-30,PB&T,"$1,500.00",,"$24,000.00"
Totals and Ending Balance,,,"$15,000.00",$0.00,"$24,000.00"
Balance Change,,,"$15,000.00",,
""
,Repairs & Maintenance,,,,
Starting Balance,,,,,$0.00
,2025-07-16,Glass Force,"$1,242.24",,"$1,242.24"
,2025-08-27,Walmart,$152.61,,"$1,394.85"
,2025-09-15,Glass Force,"$1,242.24",,"$2,637.09"
,2025-11-06,Lowe's,$113.26,,"$2,750.35"
,2025-11-06,Dollar General,$8.17,,"$2,758.52"
Totals and Ending Balance,,,"$2,758.52",$0.00,"$2,758.52"
Balance Change,,,"$2,758.52",,
""
,Rewards for Students,,,,
Starting Balance,,,,,$0.00
,2025-01-04,Gift Card,$40.00,,$40.00
Totals and Ending Balance,,,$40.00,$0.00,$40.00
Balance Change,,,$40.00,,
""
,Robotics Grant,,,,
Starting Balance,,,,,$0.00
,2025-09-22,Revbotics,$871.43,,$871.43
,2025-09-22,US Store - Bambulab,$391.05,,"$1,262.48"
,2025-09-28,SP Andymark,"$1,150.61",,"$2,413.09"
,2025-10-18,Maverick,$22.10,,"$2,435.19"
,2025-10-19,SP AndyMark Robotics,"$1,588.44",,"$4,023.63"
,2025-10-24,Pitsco Education,$325.00,,"$4,348.63"
Totals and Ending Balance,,,"$4,348.63",$0.00,"$4,348.63"
Balance Change,,,"$4,348.63",,
""
,Shipping for CFL,,,,
Starting Balance,,,,,$232.20
,2025-03-22,UPS,$14.75,,$246.95
,2025-03-26,UPS,$9.05,,$256.00
,2025-03-26,UPS,$70.95,,$326.95
,2025-03-26,UPS,$70.95,,$397.90
,2025-03-26,UPS,$9.05,,$406.95
,2025-03-26,UPS,$70.95,,$477.90
,2025-08-18,UPS,$29.39,,$507.29
,2025-08-18,UPS,$40.82,,$548.11
,2025-08-18,UPS,$9.05,,$557.16
,2025-08-18,UPS,$9.05,,$566.21
,2025-11-07,UPS Shipping,"$1,812.80",,"$2,379.01"
Totals and Ending Balance,,,"$2,146.81",$0.00,"$2,379.01"
Balance Change,,,"$2,146.81",,
""
,Sponsorship,,,,
Starting Balance,,,,,$0.00
,2025-10-07,CSU-Pueblo,$344.00,,$344.00
,2025-10-08,CSU-P,$344.00,,$688.00
Totals and Ending Balance,,,$688.00,$0.00,$688.00
Balance Change,,,$688.00,,
""
,Summer Camp 2025,,,,
Starting Balance,,,,,$0.00
,2025-02-01,Amazon - Test Drone or Robot,$14.11,,$14.11
,2025-02-26,Amazon - Test Robot and Give aways,$88.75,,$102.86
,2025-03-01,Amazon - Solar Robot,$635.39,,$738.25
,2025-03-01,Amazon Purchase - Solar Robots,$633.10,,"$1,371.35"
,2025-03-04,Amazon - Drones,$227.89,,"$1,599.24"
,2025-03-09,Amazon - Drones,$233.19,,"$1,832.43"
,2025-03-15,Amazon - Drones,$285.99,,"$2,118.42"
,2025-03-29,Escape Room Kit,$29.00,,"$2,147.42"
,2025-05-16,Imprint.con,$584.15,,"$2,731.57"
,2025-05-28,Amazon,$234.76,,"$2,966.33"
,2025-06-06,Amazon,$471.41,,"$3,437.74"
,2025-06-06,Amazon,$423.79,,"$3,861.53"
,2025-06-06,Imprint,$624.99,,"$4,486.52"
,2025-06-12,Amazon - Pirate Decorations,$168.35,,"$4,654.87"
,2025-06-13,Amazon,$13.76,,"$4,668.63"
,2025-06-13,Lowe's,$33.00,,"$4,701.63"
,2025-06-13,Payment for Invoice 7,"$1,000.00",,"$5,701.63"
,2025-06-14,Amazon,$120.96,,"$5,822.59"
,2025-06-14,Sam's Club,$177.04,,"$5,999.63"
,2025-06-14,Cash Withdrawal,"$1,000.00",,"$6,999.63"
,2025-06-16,Amazon,$26.36,,"$7,025.99"
,2025-06-16,Walmart,$16.70,,"$7,042.69"
,2025-06-17,Walmart,$26.13,,"$7,068.82"
,2025-06-17,Greenhorn Valley Ace,$13.07,,"$7,081.89"
,2025-06-18,Einstein's Bagel,$50.35,,"$7,132.24"
,2025-06-18,Einstein's Bagel,$202.37,,"$7,334.61"
,2025-06-19,Family Dollar,$19.74,,"$7,354.35"
,2025-06-19,Subway,$396.39,,"$7,750.74"
,2025-06-20,Walmart,$24.06,,"$7,774.80"
,2025-06-21,Staples,$75.54,,"$7,850.34"
,2025-06-21,Amazon,$50.85,,"$7,901.19"
,2025-06-21,Walmart,$94.52,,"$7,995.71"
,2025-06-24,Mission at the B,$107.17,,"$8,102.88"
,2025-06-24,Amazon,$349.69,,"$8,452.57"
,2025-06-24,Tees Me Treat Me,$178.93,,"$8,631.50"
,2025-06-25,Walmart,$49.00,,"$8,680.50"
,2025-06-25,Flatt's Square,$192.72,,"$8,873.22"
,2025-06-25,Cash Withdrawal,"$2,000.00",,"$10,873.22"
,2025-06-27,Amazon,$524.39,,"$11,397.61"
,2025-06-27,Dominos,$123.43,,"$11,521.04"
,2025-06-28,Amazon,$63.77,,"$11,584.81"
,2025-06-28,Domino's,$150.00,,"$11,734.81"
,2025-06-29,Rocket Fizz,$26.46,,"$11,761.27"
,2025-07-01,Amazon,$43.50,,"$11,804.77"
,2025-07-01,Amazon,$222.58,,"$12,027.35"
,2025-07-02,Stem Speaker Box Kit,$268.70,,"$12,296.05"
,2025-07-03,Sam's Club,$119.94,,"$12,415.99"
,2025-07-07,Paypal - 3d printed supplies,$340.00,,"$12,755.99"
,2025-07-08,Papa's Italian,$97.16,,"$12,853.15"
,2025-07-08,Walmart,$29.46,,"$12,882.61"
,2025-07-08,Dollar General,$10.25,,"$12,892.86"
,2025-07-09,Big D Super Foods - Florence,$7.18,,"$12,900.04"
,2025-07-10,Sam's Club,$105.41,,"$13,005.45"
,2025-07-10,Oak Creek Grill,$434.26,,"$13,439.71"
,2025-07-10,Safeway,$22.62,,"$13,462.33"
,2025-07-12,Dominos,$181.47,,"$13,643.80"
,2025-07-13,Safeway,$48.10,,"$13,691.90"
,2025-07-14,Safeway,$50.95,,"$13,742.85"
,2025-07-15,7-11,$27.42,,"$13,770.27"
,2025-07-15,7-11,$7.40,,"$13,777.67"
,2025-07-16,First Choice,$11.95,,"$13,789.62"
,2025-07-17,Helpers for Camp,"$1,700.00",,"$15,489.62"
,2025-07-18,KFC,$72.81,,"$15,562.43"
,2025-07-19,Gub Gub's,$79.54,,"$15,641.97"
Totals and Ending Balance,,,"$15,641.97",$0.00,"$15,641.97"
Balance Change,,,"$15,641.97",,
""
,Telephone – Wireless,,,,
Starting Balance,,,,,"$2,838.09"
,2025-01-10,Verizon Wireless,$800.97,,"$3,639.06"
,2025-02-10,Verizon,$790.43,,"$4,429.49"
,2025-03-10,Verizon,"$1,378.11",,"$5,807.60"
,2025-04-10,Verizon,$888.81,,"$6,696.41"
,2025-05-10,Verizon,$888.73,,"$7,585.14"
,2025-06-10,Verizon,$884.23,,"$8,469.37"
,2025-07-10,Verizon,$971.81,,"$9,441.18"
,2025-08-10,Verizon WIreless,$946.85,,"$10,388.03"
,2025-09-10,Verizon,$929.04,,"$11,317.07"
,2025-10-10,Verizon,$942.74,,"$12,259.81"
,2025-11-10,Verizon,$899.32,,"$13,159.13"
Totals and Ending Balance,,,"$10,321.04",$0.00,"$13,159.13"
Balance Change,,,"$10,321.04",,
""
,Tools for classes,,,,
Starting Balance,,,,,$152.40
,2025-01-03,3d Printer Filliment - Ink,$26.25,,$178.65
,2025-06-18,Harbor Freight,$28.23,,$206.88
,2025-07-01,Harbor Freight,$48.28,,$255.16
Totals and Ending Balance,,,$102.76,$0.00,$255.16
Balance Change,,,$102.76,,
""
,Travel Expense,,,,
Starting Balance,,,,,$0.00
,2025-02-06,Beaver Run Resort,$101.76,,$101.76
Totals and Ending Balance,,,$101.76,$0.00,$101.76
Balance Change,,,$101.76,,
""
,Utilities,,,,
Starting Balance,,,,,"$1,213.53"
,2025-01-16,San Isabel Electric,$110.56,,"$1,324.09"
,2025-01-18,City of Walsenburg,$343.14,,"$1,667.23"
,2025-02-17,City of Walsenburg,$379.13,,"$2,046.36"
,2025-02-18,San Isabel Electric,$132.92,,"$2,179.28"
,2025-03-18,City of Walsenburg,$401.08,,"$2,580.36"
,2025-03-18,San Isabel,$134.36,,"$2,714.72"
,2025-04-15,San Isabel,$114.47,,"$2,829.19"
,2025-04-19,City of Walsenburg,$293.11,,"$3,122.30"
,2025-05-16,San Isabel Electric,$100.53,,"$3,222.83"
,2025-05-18,City of Walsenburg,$312.41,,"$3,535.24"
,2025-06-17,San Isabel Electric,$86.59,,"$3,621.83"
,2025-06-18,City of Walsenburg,$193.05,,"$3,814.88"
,2025-07-16,San Isabel,$156.02,,"$3,970.90"
,2025-07-19,City of Walsenburg,$136.86,,"$4,107.76"
,2025-08-16,San Isabel Electric Coop,$276.64,,"$4,384.40"
,2025-08-17,City of Walsenburg,$135.11,,"$4,519.51"
,2025-09-16,San Isabel,$257.87,,"$4,777.38"
,2025-09-19,City of Walsenburg,$138.96,,"$4,916.34"
,2025-10-16,San Isabel,$157.94,,"$5,074.28"
,2025-10-18,City of Walsenburg,$99.38,,"$5,173.66"
Totals and Ending Balance,,,"$3,960.13",$0.00,"$5,173.66"
Balance Change,,,"$3,960.13",,
""
,Vehicle - Registration,,,,
Starting Balance,,,,,$0.00
,2025-01-14,Colorado Secretary of State,$404.24,,$404.24
,2025-02-04,Refund on taxes from EchoPark,,$545.04,-$140.80
Totals and Ending Balance,,,$404.24,$545.04,-$140.80
Balance Change,,,-$140.80,,
""
,Vehicle – Fuel,,,,
Starting Balance,,,,,"$1,444.20"
,2025-01-04,Loaf N Jug,$34.99,,"$1,479.19"
,2025-01-11,Loaf N Jug,$38.02,,"$1,517.21"
,2025-01-17,Sam's Club Gas Station,$32.50,,"$1,549.71"
,2025-01-24,Maverick in Pueblo,$32.00,,"$1,581.71"
,2025-01-28,Love's outside Walsenburg,$33.00,,"$1,614.71"
,2025-02-04,Loaf N Jug,$32.76,,"$1,647.47"
,2025-02-10,Loaf N Jug,$37.74,,"$1,685.21"
,2025-02-11,Loaf N Jug,$23.80,,"$1,709.01"
,2025-02-18,Loaf N Jug,$40.84,,"$1,749.85"
,2025-02-22,TA Express,$40.05,,"$1,789.90"
,2025-02-25,Maverick Gas Station,$45.44,,"$1,835.34"
,2025-02-26,Alta Convivence,$34.99,,"$1,870.33"
,2025-03-03,Loaf N Jug,$32.50,,"$1,902.83"
,2025-03-07,Maverick,$36.99,,"$1,939.82"
,2025-03-14,Circle K,$42.02,,"$1,981.84"
,2025-03-16,Apro Monument,$20.60,,"$2,002.44"
,2025-03-19,Sam's Club Fuel Station,$25.51,,"$2,027.95"
,2025-03-21,Loaf N Jug,$26.35,,"$2,054.30"
,2025-03-26,Maverick - Pueblo,$32.05,,"$2,086.35"
,2025-04-01,Maverick,$26.00,,"$2,112.35"
,2025-04-06,TA Express,$40.48,,"$2,152.83"
,2025-04-11,Love's Outside,$11.59,,"$2,164.42"
,2025-04-15,Loaf N Jug,$34.02,,"$2,198.44"
,2025-04-18,Maverick,$32.20,,"$2,230.64"
,2025-04-22,Maverick,$32.99,,"$2,263.63"
,2025-04-25,Loves,$26.83,,"$2,290.46"
,2025-04-26,Loaf N Jug - Colorado City,$30.04,,"$2,320.50"
,2025-05-03,Loaf N Jug,$33.98,,"$2,354.48"
,2025-05-08,Altitude - Pueblo,$32.00,,"$2,386.48"
,2025-05-12,Altitude,$24.94,,"$2,411.42"
,2025-05-16,Loaf N Jug - Walsenburg,$31.01,,"$2,442.43"
,2025-05-19,Loaf N Jug,$36.00,,"$2,478.43"
,2025-05-27,Sam's Club,$33.00,,"$2,511.43"
,2025-05-28,Love's,$17.04,,"$2,528.47"
,2025-06-03,Loaf N Jug,$41.00,,"$2,569.47"
,2025-06-08,Southpark Market,$16.99,,"$2,586.46"
,2025-06-08,Loaf N Jug,$37.99,,"$2,624.45"
,2025-06-11,Trinidad Travel Plaza,$25.03,,"$2,649.48"
,2025-06-18,Loaf N Jug,$27.01,,"$2,676.49"
,2025-06-23,TA Express,$35.00,,"$2,711.49"
,2025-06-23,Loaf N Jug,$51.87,,"$2,763.36"
,2025-06-30,Loaf N Jug,$43.92,,"$2,807.28"
,2025-07-07,Loaf N Jug,$33.99,,"$2,841.27"
,2025-07-10,Sam's Club,$17.00,,"$2,858.27"
,2025-07-11,Circle K,$37.01,,"$2,895.28"
,2025-07-16,Loaf N Jug,$59.02,,"$2,954.30"
,2025-07-22,Loaf N Jug,$40.99,,"$2,995.29"
,2025-07-31,Loaf N Jug,$30.02,,"$3,025.31"
,2025-08-05,Loaf N Jug,$32.54,,"$3,057.85"
,2025-08-10,Sam's Club - Gas,$29.00,,"$3,086.85"
,2025-08-13,Love's - Pueblo,$37.50,,"$3,124.35"
,2025-08-16,Loaf n Jug,$34.59,,"$3,158.94"
,2025-08-20,Circle K,$30.00,,"$3,188.94"
,2025-08-23,Loaf N Jug - Walsenburg,$26.02,,"$3,214.96"
,2025-08-25,Loaf N Jug,$32.00,,"$3,246.96"
,2025-08-29,Loaf n Jug,$41.02,,"$3,287.98"
,2025-09-03,Maverick,$37.90,,"$3,325.88"
,2025-09-08,Maverick,$31.00,,"$3,356.88"
,2025-09-11,Love's,$43.00,,"$3,399.88"
,2025-09-16,Maverick,$35.76,,"$3,435.64"
,2025-09-17,Altitude,$56.03,,"$3,491.67"
,2025-09-21,TA Express,$37.01,,"$3,528.68"
,2025-09-24,Loaf N Jug,$30.99,,"$3,559.67"
,2025-10-04,Circle K,$45.11,,"$3,604.78"
,2025-10-07,Sams Club,$42.98,,"$3,647.76"
,2025-10-14,Circle K,$33.00,,"$3,680.76"
,2025-10-15,Altitude,$41.02,,"$3,721.78"
,2025-10-18,Maverick,$61.02,,"$3,782.80"
,2025-10-18,Maverick,$41.85,,"$3,824.65"
,2025-10-21,Loaf N Jug,$40.03,,"$3,864.68"
,2025-10-24,Altitude,$50.12,,"$3,914.80"
,2025-10-26,Loaf N Jug,$31.01,,"$3,945.81"
,2025-10-31,Loaf N Jug,$42.95,,"$3,988.76"
,2025-11-03,Loaf N Jug,$31.01,,"$4,019.77"
,2025-11-05,Loaf N Jug,$33.76,,"$4,053.53"
Totals and Ending Balance,,,"$2,609.33",$0.00,"$4,053.53"
Balance Change,,,"$2,609.33",,
""
,Vehicle – Repairs & Maintenance,,,,
Starting Balance,,,,,$0.00
,2025-02-01,VIOC - Valvoline Instant Oil Change,$94.99,,$94.99
,2025-04-11,Champion Xpress,$22.00,,$116.99
,2025-05-12,Champion Xpress,$16.00,,$132.99
,2025-05-13,Meineke,$59.53,,$192.52
,2025-06-08,Superior Car Wash,$14.00,,$206.52
,2025-07-16,Big O,"$1,258.01",,"$1,464.53"
,2025-07-23,Superior Car Wash,$14.00,,"$1,478.53"
,2025-09-09,Champion Express,$26.00,,"$1,504.53"
,2025-10-27,VIOC,$111.45,,"$1,615.98"
Totals and Ending Balance,,,"$1,615.98",$0.00,"$1,615.98"
Balance Change,,,"$1,615.98",,
""
,Merchant Account Fees,,,,
Starting Balance,,,,,$0.00
,2025-03-11,Checkout Payment: Pueblo STEM Camp,$0.73,,$0.73
,2025-03-12,Checkout Payment: Pueblo STEM Camp,$0.73,,$1.46
,2025-03-12,Checkout Payment: Pueblo STEM Camp,$0.73,,$2.19
,2025-03-13,Checkout Payment: Florence STEM Camp,$0.73,,$2.92
,2025-03-26,Checkout Payment: Pueblo STEM Camp,$0.73,,$3.65
,2025-03-27,Checkout Payment: Pueblo STEM Camp,$0.73,,$4.38
,2025-04-04,Checkout Payment: Pueblo STEM Camp,$0.73,,$5.11
,2025-05-03,Checkout Payment: Walsenburg STEM Camp,$0.73,,$5.84
,2025-05-03,Checkout Payment: Pueblo STEM Camp,$0.73,,$6.57
,2025-05-15,Checkout Payment: Florence STEM Camp,$0.85,,$7.42
,2025-05-16,Checkout Payment: Florence STEM Camp,$0.73,,$8.15
,2025-05-16,Checkout Payment: Florence STEM Camp,$0.73,,$8.88
,2025-05-19,Checkout Payment: Pueblo STEM Camp,$0.73,,$9.61
,2025-05-19,Checkout Refund: Florence STEM Camp,,$0.85,$8.76
,2025-05-19,Checkout Refund: Florence STEM Camp,,$0.73,$8.03
,2025-05-19,Checkout Refund: Florence STEM Camp,,$0.73,$7.30
,2025-05-19,Checkout Refund: Florence STEM Camp,,$0.73,$6.57
,2025-05-20,Checkout Payment: Pueblo STEM Camp,$0.73,,$7.30
,2025-05-20,Checkout Payment: Pueblo STEM Camp,$0.73,,$8.03
,2025-05-26,Checkout Payment: Pueblo STEM Camp,$0.73,,$8.76
,2025-05-28,Checkout Payment: PAX8 Member Donation - Thankyou!,$2.18,,$10.94
,2025-07-09,Checkout Payment: Provide Lunch for the Week of Camp,$14.50,,$25.44
,2025-07-11,Jonathan Haas - Payment for Invoice #1,$14.50,,$39.94
Totals and Ending Balance,,,$42.98,$3.04,$39.94
Balance Change,,,$39.94,,
""
,Uncategorized Expense,,,,
Starting Balance,,,,,$0.00
,2025-10-18,Golden Corral,$142.32,,$142.32
Totals and Ending Balance,,,$142.32,$0.00,$142.32
Balance Change,,,$142.32,,
