Account Transactions
C Cubed Training
Date Range: 2024-01-01 to 2024-12-31
Report Type: Accrual (Paid & Unpaid)
ACCOUNT NUMBER,DATE,DESCRIPTION,DEBIT (In Business Currency),CREDIT (In Business Currency),BALANCE (In Business Currency)
,Cash on Hand,,,,
Starting Balance,,,,,$0.00
,2024-06-15,Write a Description,"$1,342.29",,"$1,342.29"
,2024-06-16,Pizza for Walsenburg Kids,,$33.64,"$1,308.65"
,2024-06-19,Stickers,,$52.21,"$1,256.44"
,2024-06-20,Walmart - Cookies,,$31.00,"$1,225.44"
,2024-06-23,Ice Cream for Reward,,$12.70,"$1,212.74"
,2024-06-24,Gas,,$61.03,"$1,151.71"
,2024-06-25,Convention Fee,,$10.00,"$1,141.71"
,2024-06-30,Facebook Ad,,$31.35,"$1,110.36"
,2024-07-02,Amazon Market Place,,$45.55,"$1,064.81"
,2024-07-09,Access Ramp,,$271.04,$793.77
,2024-07-13,First Choice Walsenburg,,$32.49,$761.28
,2024-07-22,Coffee Mugs,,$411.41,$349.87
,2024-07-26,Refund from discount mugs,$51.35,,$401.22
,2024-07-26,BOCES Payment,"$3,010.35",,"$3,411.57"
,2024-07-30,Lunch with Client - Kooper Kettle,,$70.01,"$3,341.56"
,2024-07-30,Rent - Bill pay to PB&T,,"$1,500.00","$1,841.56"
,2024-07-31,Facebook Ads,,$165.65,"$1,675.91"
,2024-08-01,Colorado Sec of State Business Registration,,$10.00,"$1,665.91"
,2024-08-08,Ianne's Pizzaria - Pueblo,,$123.63,"$1,542.28"
,2024-08-09,Amazon - Crimper and other items,,$41.56,"$1,500.72"
,2024-08-10,Sonic Drive Through,,$51.97,"$1,448.75"
,2024-08-11,Pizza at Valley Market,,$29.66,"$1,419.09"
,2024-08-13,Alta Convenience Store,,$25.03,"$1,394.06"
,2024-08-13,Gas for vehicle - Loaf N Jug Walsenburg,,$79.95,"$1,314.11"
,2024-08-13,Sam's Club Snacks,,$30.94,"$1,283.17"
,2024-08-13,Uber Eats,,$18.97,"$1,264.20"
,2024-08-13,Uber Eats for Pueblo,,$63.57,"$1,200.63"
,2024-08-13,Walmart Snack buy,,$25.17,"$1,175.46"
,2024-08-14,7-11 Widefield,,$14.63,"$1,160.83"
,2024-08-14,WIX.COM,,$192.00,$968.83
,2024-08-15,Mobile White Board from Amazon,,$123.12,$845.71
,2024-08-15,Loaf N Jug for Gas,,$26.68,$819.03
,2024-08-19,Stipend for UCCS Camp,$900.00,,"$1,719.03"
,2024-08-19,Dollar General,,$12.00,"$1,707.03"
,2024-08-20,Valley Market ,,$6.92,"$1,700.11"
,2024-08-20,Loaf N Jug in Pueblo,,$47.50,"$1,652.61"
,2024-08-21,Little Caesars Pizza in Pueblo,,$46.25,"$1,606.36"
,2024-08-21,BB Diner,,$36.60,"$1,569.76"
,2024-08-27,Pizza for Lunch,,$53.79,"$1,515.97"
,2024-08-28,Amazon-laptop battery and tool kits,,$69.89,"$1,446.08"
,2024-08-28,EdReenv BOCES,"$7,310.85",,"$8,756.93"
,2024-08-28,Walmart,,$31.80,"$8,725.13"
,2024-08-29,Alta Convivence Store - Gas,,$64.03,"$8,661.10"
,2024-08-29,Laptops for 11 students,,"$3,008.67","$5,652.43"
,2024-08-31,Rent payment,,"$1,500.00","$4,152.43"
,2024-09-03,Amazon,,$44.87,"$4,107.56"
,2024-09-03,Reimbursement for Mileage,$300.00,,"$4,407.56"
,2024-09-03,Food for Classes,,$25.00,"$4,382.56"
,2024-09-03,Lunch for Pueblo Class,,$43.57,"$4,338.99"
,2024-09-04,Dell - Printer,,$359.49,"$3,979.50"
,2024-09-04,Walmart,,$28.87,"$3,950.63"
,2024-09-05,First Choice (grocery store),,$35.18,"$3,915.45"
,2024-09-07,Quizlet,,$35.99,"$3,879.46"
,2024-09-08,First Choice (Pizza for Class),,$20.64,"$3,858.82"
,2024-09-10,Verizon Wireless,,$727.74,"$3,131.08"
,2024-09-10,Loaf N Jug Eagleridge Blvd,,$37.99,"$3,093.09"
,2024-09-10,Lunch for Pueblo,,$45.45,"$3,047.64"
,2024-09-11,Parking - Metropolis Parking,,$17.99,"$3,029.65"
,2024-09-11,2909 Galley Road Colorado Springs,,$30.54,"$2,999.11"
,2024-09-12,Carl's Jr,,$27.74,"$2,971.37"
,2024-09-12,Loaf N Jug - Pueblo,,$67.00,"$2,904.37"
,2024-09-13,New Horizon's Thrift Store,,$17.00,"$2,887.37"
,2024-09-13,Food for the classes,,$19.35,"$2,868.02"
,2024-09-15,Sam's Club,,$57.26,"$2,810.76"
,2024-09-15,First Choice,,$49.65,"$2,761.11"
,2024-09-16,Loaf N Jug Walsenburg,,$38.65,"$2,722.46"
,2024-09-17,Walsenburg Utilities,,$135.11,"$2,587.35"
,2024-09-17,SECOM,,$64.95,"$2,522.40"
,2024-09-17,San Isabel Electric,,$189.88,"$2,332.52"
,2024-09-17,National Cyber League (NCL),,$350.00,"$1,982.52"
,2024-09-17,Food For Pueblo Class,,$41.68,"$1,940.84"
,2024-09-18,National Cyber League,,$35.00,"$1,905.84"
,2024-09-18,Alta Convience,,$43.01,"$1,862.83"
,2024-09-20,Food for Centennial Class,,$22.59,"$1,840.24"
,2024-09-20,Alta Convenience,,$35.99,"$1,804.25"
,2024-09-24,National Cyber League,,$70.00,"$1,734.25"
,2024-09-24,Food for Pueblo Class,,$30.00,"$1,704.25"
,2024-09-24,Walmart,,$0.97,"$1,703.28"
,2024-09-24,Walmart,,$41.75,"$1,661.53"
,2024-09-25,Loaf n Jug Pueblo,,$70.00,"$1,591.53"
,2024-09-27,Alta Convivence,,$38.00,"$1,553.53"
,2024-09-27,Wal-Mart,,$44.14,"$1,509.39"
,2024-09-27,PO Box 487,,$19.35,"$1,490.04"
,2024-09-27,Wal-Mart,,$75.63,"$1,414.41"
,2024-09-27,EduReen BOCES,"$10,321.20",,"$11,735.61"
,2024-09-30,Loaf N Jug in Walsenburg,,$22.09,"$11,713.52"
,2024-09-30,Rent payment,,"$1,500.00","$10,213.52"
,2024-10-01,Fuel & IRon,,$31.58,"$10,181.94"
,2024-10-01,National Cyber League,,$35.00,"$10,146.94"
,2024-10-01,Food for the Pueblo Class,,$30.00,"$10,116.94"
,2024-10-04,Food for Pueblo Class,,$38.69,"$10,078.25"
,2024-10-05,WIX,,$204.00,"$9,874.25"
,2024-10-06,7-11,,$22.85,"$9,851.40"
,2024-10-07,Dollar General,,$19.60,"$9,831.80"
,2024-10-08,Food for Pueblo Students,,$30.00,"$9,801.80"
,2024-10-09,Embroidery Plus,,$598.26,"$9,203.54"
,2024-10-09,Circle K,,$73.01,"$9,130.53"
,2024-10-10,Verizon Wireless,,$698.00,"$8,432.53"
,2024-10-10,Food for Colorado Springs Students,,$38.69,"$8,393.84"
,2024-10-10,Loaf N Jug Pueblo,,$21.92,"$8,371.92"
,2024-10-12,National Cyber League,,$70.00,"$8,301.92"
,2024-10-15,Loaf N Jug,,$67.03,"$8,234.89"
,2024-10-15,Sam's Club,,$89.33,"$8,145.56"
,2024-10-15,San Isabel Electric,,$116.57,"$8,028.99"
,2024-10-15,Food for Pueblo Kids,,$30.00,"$7,998.99"
,2024-10-16,SECOM,,$64.95,"$7,934.04"
,2024-10-16,Code Monkey for Walsenburg Elementary,,"$1,200.00","$6,734.04"
,2024-10-18,City of Walsenburg,,$135.11,"$6,598.93"
,2024-10-18,Loaf n Jug Walsenburg,,$54.49,"$6,544.44"
,2024-10-18,Food for Bulldog Team,,$19.35,"$6,525.09"
,2024-10-18,Walmart,,$50.00,"$6,475.09"
,2024-10-21,Amazon,,$12.80,"$6,462.29"
,2024-10-22,Amazon,,$13.76,"$6,448.53"
,2024-10-22,Food for Pueblo Students,,$41.68,"$6,406.85"
,2024-10-24,Loaf N Jug,,$23.02,"$6,383.83"
,2024-10-24,1877 S Academy Blvd,,$27.72,"$6,356.11"
,2024-10-25,Loaf N Jug - Colorado City,,$54.99,"$6,301.12"
,2024-10-25,Meal for CyberDogs,,$19.35,"$6,281.77"
,2024-10-25,Walmart,,$19.98,"$6,261.79"
,2024-10-27,7-11,,$15.55,"$6,246.24"
,2024-10-28,BOCES,"$6,880.80",,"$13,127.04"
,2024-10-29,Food for Pueblo Class,,$30.00,"$13,097.04"
,2024-10-29,Snacks for BOCES Classes,,$28.04,"$13,069.00"
,2024-10-30,Amazon,,$184.89,"$12,884.11"
,2024-10-30,Sam's Club,,$50.06,"$12,834.05"
,2024-10-30,Sam's Club,,$82.34,"$12,751.71"
,2024-10-30,Rent,,"$1,500.00","$11,251.71"
,2024-11-01,Loaf N Jug,,$36.61,"$11,215.10"
,2024-11-01,Loaf N Jug,,$19.56,"$11,195.54"
,2024-11-02,Sam's Club,,$139.05,"$11,056.49"
,2024-11-03,Sam's Club,,$65.68,"$10,990.81"
,2024-11-04,Loaf N Jug - Walsenburg,,$47.99,"$10,942.82"
,2024-11-05,Food for Pueblo,,$26.39,"$10,916.43"
,2024-11-10,Verizon,,$703.14,"$10,213.29"
,2024-11-12,Loaf N Jug,,$50.99,"$10,162.30"
,2024-11-12,Lunch for Pueblo Class,,$43.07,"$10,119.23"
,2024-11-14,Walmart,,$41.71,"$10,077.52"
,2024-11-15,Lunch for C Springs,,$32.24,"$10,045.28"
,2024-11-15,Special Snacks,,$33.99,"$10,011.29"
,2024-11-15,Walmart - Drinks,,$17.29,"$9,994.00"
,2024-11-16,San Isabel Electric Association,,$82.40,"$9,911.60"
,2024-11-16,Amazon - Printer Toner,,"$1,103.64","$8,807.96"
,2024-11-17,City of Walsenburg,,$139.50,"$8,668.46"
,2024-11-17,7-Eleven,,$22.85,"$8,645.61"
,2024-11-19,SECOM,,$64.95,"$8,580.66"
,2024-11-19,Loaf N Jug,,$43.83,"$8,536.83"
,2024-11-19,P.O. Box - Food for the Pueblo kids,,$43.07,"$8,493.76"
,2024-11-20,Love's,,$49.03,"$8,444.73"
,2024-11-20,Walmart,,$53.38,"$8,391.35"
,2024-11-22,Safeway,,$20.56,"$8,370.79"
,2024-11-22,Arc Thrift Store,,$32.25,"$8,338.54"
,2024-11-22,Walmart,,$28.06,"$8,310.48"
,2024-11-24,Loaf N Jug,,$41.55,"$8,268.93"
,2024-11-25,Reimbursement,,$229.96,"$8,038.97"
,2024-11-25,Corel Draw,,$106.75,"$7,932.22"
,2024-11-27,BOCES,"$6,880.80",,"$14,813.02"
,2024-12-02,Amazon,,$74.28,"$14,738.74"
,2024-12-02,Loaf N Jug,,$35.03,"$14,703.71"
,2024-12-02,PB&T,,"$1,500.00","$13,203.71"
,2024-12-02,US Liability Ins,,"$1,116.00","$12,087.71"
,2024-12-03,Food for Pueblo,,$41.68,"$12,046.03"
,2024-12-03,WalMart,,$13.13,"$12,032.90"
,2024-12-06,Amazon Market Place,,$21.17,"$12,011.73"
,2024-12-06,Loaf N Jug,,$35.00,"$11,976.73"
,2024-12-06,Food for Centennial Kids,,$19.35,"$11,957.38"
,2024-12-06,Scissors,,$10.86,"$11,946.52"
,2024-12-08,Safeway,,$7.40,"$11,939.12"
,2024-12-08,Subway,,$83.30,"$11,855.82"
,2024-12-10,Verizon,,$709.21,"$11,146.61"
,2024-12-10,Amazon Marketplace,,$13.76,"$11,132.85"
,2024-12-10,Staples,,$23.08,"$11,109.77"
,2024-12-10,Progressive,,$202.80,"$10,906.97"
,2024-12-10,Food for Pueblo Class,,$25.18,"$10,881.79"
,2024-12-10,Walmart,,$115.87,"$10,765.92"
,2024-12-11,Amazon,,$21.46,"$10,744.46"
,2024-12-13,Loaf N Jug,,$43.32,"$10,701.14"
,2024-12-13,Loaf N Jug,,$37.39,"$10,663.75"
,2024-12-13,WalMart,,$110.71,"$10,553.04"
,2024-12-15,7-11,,$15.87,"$10,537.17"
,2024-12-16,City of Walsenburg,,$313.30,"$10,223.87"
,2024-12-16,Joe Tomato,,$46.33,"$10,177.54"
,2024-12-16,Walmart,,$42.86,"$10,134.68"
,2024-12-17,SECOM,,$64.95,"$10,069.73"
,2024-12-17,San Isabel,,$101.66,"$9,968.07"
,2024-12-19,Loaf N Jug,,$21.99,"$9,946.08"
,2024-12-25,UPS Label,,$14.75,"$9,931.33"
,2024-12-25,UPS label,,$14.75,"$9,916.58"
,2024-12-25,UPS Label,,$14.75,"$9,901.83"
,2024-12-25,UPS Label,,$62.65,"$9,839.18"
,2024-12-25,UPS Label,,$62.65,"$9,776.53"
,2024-12-25,UPS Label,,$62.65,"$9,713.88"
,2024-12-27,BOCES,"$6,880.80",,"$16,594.68"
,2024-12-30,Rent,,"$1,500.00","$15,094.68"
Totals and Ending Balance,,,"$43,878.44","$28,783.76","$15,094.68"
Balance Change,,,"$15,094.68",,
""
,BOCES,,,,
Starting Balance,,,,,$0.00
BOC,2024-07-26,BOCES Payment,,"$3,010.35","$3,010.35"
BOC,2024-08-28,EdReenv BOCES,,"$7,310.85","$10,321.20"
BOC,2024-09-27,EduReen BOCES,,"$10,321.20","$20,642.40"
BOC,2024-10-28,BOCES,,"$6,880.80","$27,523.20"
BOC,2024-11-27,BOCES,,"$6,880.80","$34,404.00"
BOC,2024-12-27,BOCES,,"$6,880.80","$41,284.80"
Totals and Ending Balance,,,$0.00,"$41,284.80","$41,284.80"
Balance Change,,,"$41,284.80",,
""
,Stipends,,,,
Starting Balance,,,,,$0.00
,2024-08-19,Stipend for UCCS Camp,,$900.00,$900.00
,2024-09-03,Reimbursement for Mileage,,$300.00,"$1,200.00"
Totals and Ending Balance,,,$0.00,"$1,200.00","$1,200.00"
Balance Change,,,"$1,200.00",,
""
,Starting Balance,,,,
Starting Balance,,,,,$0.00
Start,2024-06-15,Write a Description,,"$1,342.29","$1,342.29"
Totals and Ending Balance,,,$0.00,"$1,342.29","$1,342.29"
Balance Change,,,"$1,342.29",,
""
,Advertising & Promotion,,,,
Starting Balance,,,,,$0.00
,2024-06-19,Stickers,$52.21,,$52.21
,2024-06-30,Facebook Ad,$31.35,,$83.56
,2024-07-22,Coffee Mugs,$411.41,,$494.97
,2024-07-26,Refund from discount mugs,,$51.35,$443.62
,2024-07-31,Facebook Ads,$165.65,,$609.27
,2024-10-09,Embroidery Plus,$598.26,,"$1,207.53"
Totals and Ending Balance,,,"$1,258.88",$51.35,"$1,207.53"
Balance Change,,,"$1,207.53",,
""
,Computer – Hardware,,,,
Starting Balance,,,,,$0.00
,2024-07-02,Amazon Market Place,$45.55,,$45.55
,2024-08-28,Amazon-laptop battery and tool kits,$59.89,,$105.44
,2024-08-29,Laptops for 11 students,"$3,008.67",,"$3,114.11"
,2024-09-03,Amazon,$44.87,,"$3,158.98"
,2024-09-04,Dell - Printer,$359.49,,"$3,518.47"
,2024-09-13,New Horizon's Thrift Store,$17.00,,"$3,535.47"
,2024-10-22,Amazon,$13.76,,"$3,549.23"
,2024-11-22,Arc Thrift Store,$32.25,,"$3,581.48"
,2024-12-11,Amazon,$21.46,,"$3,602.94"
Totals and Ending Balance,,,"$3,602.94",$0.00,"$3,602.94"
Balance Change,,,"$3,602.94",,
""
,Computer – Internet,,,,
Starting Balance,,,,,$0.00
,2024-09-17,SECOM,$64.95,,$64.95
,2024-10-16,SECOM,$64.95,,$129.90
,2024-11-19,SECOM,$64.95,,$194.85
,2024-12-17,SECOM,$64.95,,$259.80
Totals and Ending Balance,,,$259.80,$0.00,$259.80
Balance Change,,,$259.80,,
""
,Computer – Software,,,,
Starting Balance,,,,,$0.00
,2024-09-07,Quizlet,$35.99,,$35.99
,2024-10-05,WIX,$204.00,,$239.99
,2024-10-16,Code Monkey for Walsenburg Elementary,"$1,200.00",,"$1,439.99"
,2024-11-25,Corel Draw,$106.75,,"$1,546.74"
Totals and Ending Balance,,,"$1,546.74",$0.00,"$1,546.74"
Balance Change,,,"$1,546.74",,
""
,Dues & Subscriptions,,,,
Starting Balance,,,,,$0.00
,2024-08-14,WIX.COM,$192.00,,$192.00
Totals and Ending Balance,,,$192.00,$0.00,$192.00
Balance Change,,,$192.00,,
""
,Education & Training,,,,
Starting Balance,,,,,$0.00
,2024-06-25,Convention Fee,$10.00,,$10.00
Totals and Ending Balance,,,$10.00,$0.00,$10.00
Balance Change,,,$10.00,,
""
,Government Fees,,,,
Starting Balance,,,,,$0.00
,2024-08-01,Colorado Sec of State Business Registration,$10.00,,$10.00
Totals and Ending Balance,,,$10.00,$0.00,$10.00
Balance Change,,,$10.00,,
""
,Insurance – General Liability,,,,
Starting Balance,,,,,$0.00
,2024-12-02,US Liability Ins,"$1,116.00",,"$1,116.00"
Totals and Ending Balance,,,"$1,116.00",$0.00,"$1,116.00"
Balance Change,,,"$1,116.00",,
""
,Insurance – Vehicles,,,,
Starting Balance,,,,,$0.00
,2024-12-10,Progressive,$202.80,,$202.80
Totals and Ending Balance,,,$202.80,$0.00,$202.80
Balance Change,,,$202.80,,
""
,League Entry Fees,,,,
Starting Balance,,,,,$0.00
,2024-09-17,National Cyber League (NCL),$350.00,,$350.00
,2024-09-18,National Cyber League,$35.00,,$385.00
,2024-09-24,National Cyber League,$70.00,,$455.00
,2024-10-01,National Cyber League,$35.00,,$490.00
,2024-10-12,National Cyber League,$70.00,,$560.00
Totals and Ending Balance,,,$560.00,$0.00,$560.00
Balance Change,,,$560.00,,
""
,Maintenance,,,,
Starting Balance,,,,,$0.00
,2024-07-09,Access Ramp,$271.04,,$271.04
,2024-10-07,Dollar General,$19.60,,$290.64
Totals and Ending Balance,,,$290.64,$0.00,$290.64
Balance Change,,,$290.64,,
""
,Meals and Entertainment,,,,
Starting Balance,,,,,$0.00
,2024-06-16,Pizza for Walsenburg Kids,$33.64,,$33.64
,2024-06-20,Walmart - Cookies,$31.00,,$64.64
,2024-06-23,Ice Cream for Reward,$12.70,,$77.34
,2024-07-13,First Choice Walsenburg,$32.49,,$109.83
,2024-07-30,Lunch with Client - Kooper Kettle,$70.01,,$179.84
,2024-08-08,Ianne's Pizzaria - Pueblo,$123.63,,$303.47
,2024-08-10,Sonic Drive Through,$51.97,,$355.44
,2024-08-11,Pizza at Valley Market,$29.66,,$385.10
,2024-08-13,Sam's Club Snacks,$30.94,,$416.04
,2024-08-13,Uber Eats,$18.97,,$435.01
,2024-08-13,Uber Eats for Pueblo,$63.57,,$498.58
,2024-08-13,Walmart Snack buy,$25.17,,$523.75
,2024-08-14,7-11 Widefield,$14.63,,$538.38
,2024-08-20,Valley Market ,$6.92,,$545.30
,2024-08-21,Little Caesars Pizza in Pueblo,$46.25,,$591.55
,2024-08-21,BB Diner,$36.60,,$628.15
,2024-08-27,Pizza for Lunch,$53.79,,$681.94
,2024-08-28,Walmart,$31.80,,$713.74
,2024-09-03,Food for Classes,$25.00,,$738.74
,2024-09-03,Lunch for Pueblo Class,$43.57,,$782.31
,2024-09-04,Walmart,$28.87,,$811.18
,2024-09-05,First Choice (grocery store),$35.18,,$846.36
,2024-09-08,First Choice (Pizza for Class),$20.64,,$867.00
,2024-09-10,Lunch for Pueblo,$45.45,,$912.45
,2024-09-11,2909 Galley Road Colorado Springs,$30.54,,$942.99
,2024-09-12,Carl's Jr,$27.74,,$970.73
,2024-09-13,Food for the classes,$19.35,,$990.08
,2024-09-15,Sam's Club,$57.26,,"$1,047.34"
,2024-09-15,First Choice,$49.65,,"$1,096.99"
,2024-09-17,Food For Pueblo Class,$41.68,,"$1,138.67"
,2024-09-20,Food for Centennial Class,$22.59,,"$1,161.26"
,2024-09-24,Food for Pueblo Class,$30.00,,"$1,191.26"
,2024-09-24,Walmart,$0.97,,"$1,192.23"
,2024-09-24,Walmart,$41.75,,"$1,233.98"
,2024-09-27,Wal-Mart,$44.14,,"$1,278.12"
,2024-09-27,PO Box 487,$19.35,,"$1,297.47"
,2024-09-27,Wal-Mart,$75.63,,"$1,373.10"
,2024-10-01,Fuel & IRon,$31.58,,"$1,404.68"
,2024-10-01,Food for the Pueblo Class,$30.00,,"$1,434.68"
,2024-10-04,Food for Pueblo Class,$38.69,,"$1,473.37"
,2024-10-06,7-11,$22.85,,"$1,496.22"
,2024-10-08,Food for Pueblo Students,$30.00,,"$1,526.22"
,2024-10-10,Food for Colorado Springs Students,$38.69,,"$1,564.91"
,2024-10-15,Food for Pueblo Kids,$30.00,,"$1,594.91"
,2024-10-18,Food for Bulldog Team,$19.35,,"$1,614.26"
,2024-10-18,Walmart,$50.00,,"$1,664.26"
,2024-10-22,Food for Pueblo Students,$41.68,,"$1,705.94"
,2024-10-24,1877 S Academy Blvd,$27.72,,"$1,733.66"
,2024-10-25,Meal for CyberDogs,$19.35,,"$1,753.01"
,2024-10-25,Walmart,$19.98,,"$1,772.99"
,2024-10-27,7-11,$15.55,,"$1,788.54"
,2024-10-29,Food for Pueblo Class,$30.00,,"$1,818.54"
,2024-10-29,Snacks for BOCES Classes,$28.04,,"$1,846.58"
,2024-10-30,Sam's Club,$82.34,,"$1,928.92"
,2024-11-01,Loaf N Jug,$19.56,,"$1,948.48"
,2024-11-03,Sam's Club,$65.68,,"$2,014.16"
,2024-11-05,Food for Pueblo,$26.39,,"$2,040.55"
,2024-11-12,Lunch for Pueblo Class,$43.07,,"$2,083.62"
,2024-11-14,Walmart,$41.71,,"$2,125.33"
,2024-11-15,Lunch for C Springs,$32.24,,"$2,157.57"
,2024-11-15,Special Snacks,$33.99,,"$2,191.56"
,2024-11-15,Walmart - Drinks,$17.29,,"$2,208.85"
,2024-11-17,7-Eleven,$22.85,,"$2,231.70"
,2024-11-19,P.O. Box - Food for the Pueblo kids,$43.07,,"$2,274.77"
,2024-11-20,Walmart,$53.38,,"$2,328.15"
,2024-11-22,Safeway,$20.56,,"$2,348.71"
,2024-11-22,Walmart,$28.06,,"$2,376.77"
,2024-11-25,Reimbursement,$229.96,,"$2,606.73"
,2024-12-03,Food for Pueblo,$41.68,,"$2,648.41"
,2024-12-03,WalMart,$13.13,,"$2,661.54"
,2024-12-06,Food for Centennial Kids,$19.35,,"$2,680.89"
,2024-12-08,Safeway,$7.40,,"$2,688.29"
,2024-12-08,Subway,$83.30,,"$2,771.59"
,2024-12-10,Food for Pueblo Class,$25.18,,"$2,796.77"
,2024-12-10,Walmart,$115.87,,"$2,912.64"
,2024-12-13,WalMart,$110.71,,"$3,023.35"
,2024-12-15,7-11,$15.87,,"$3,039.22"
,2024-12-16,Joe Tomato,$46.33,,"$3,085.55"
Totals and Ending Balance,,,"$3,085.55",$0.00,"$3,085.55"
Balance Change,,,"$3,085.55",,
""
,Office Supplies,,,,
Starting Balance,,,,,$0.00
,2024-08-15,Mobile White Board from Amazon,$123.12,,$123.12
,2024-08-19,Dollar General,$12.00,,$135.12
,2024-10-15,Sam's Club,$89.33,,$224.45
,2024-10-30,Amazon,$184.89,,$409.34
,2024-11-02,Sam's Club,$139.05,,$548.39
,2024-11-16,Amazon - Printer Toner,"$1,103.64",,"$1,652.03"
,2024-12-06,Amazon Market Place,$21.17,,"$1,673.20"
,2024-12-06,Scissors,$10.86,,"$1,684.06"
,2024-12-10,Staples,$23.08,,"$1,707.14"
,2024-12-16,Walmart,$42.86,,"$1,750.00"
Totals and Ending Balance,,,"$1,750.00",$0.00,"$1,750.00"
Balance Change,,,"$1,750.00",,
""
,Parking Fees,,,,
Starting Balance,,,,,$0.00
,2024-09-11,Parking - Metropolis Parking,$17.99,,$17.99
Totals and Ending Balance,,,$17.99,$0.00,$17.99
Balance Change,,,$17.99,,
""
,Rent Expense,,,,
Starting Balance,,,,,$0.00
,2024-07-30,Rent - Bill pay to PB&T,"$1,500.00",,"$1,500.00"
,2024-08-31,Rent payment,"$1,500.00",,"$3,000.00"
,2024-09-30,Rent payment,"$1,500.00",,"$4,500.00"
,2024-10-30,Rent,"$1,500.00",,"$6,000.00"
,2024-12-02,PB&T,"$1,500.00",,"$7,500.00"
,2024-12-30,Rent,"$1,500.00",,"$9,000.00"
Totals and Ending Balance,,,"$9,000.00",$0.00,"$9,000.00"
Balance Change,,,"$9,000.00",,
""
,Shipping for CFL,,,,
Starting Balance,,,,,$0.00
,2024-12-25,UPS Label,$14.75,,$14.75
,2024-12-25,UPS label,$14.75,,$29.50
,2024-12-25,UPS Label,$14.75,,$44.25
,2024-12-25,UPS Label,$62.65,,$106.90
,2024-12-25,UPS Label,$62.65,,$169.55
,2024-12-25,UPS Label,$62.65,,$232.20
Totals and Ending Balance,,,$232.20,$0.00,$232.20
Balance Change,,,$232.20,,
""
,Telephone – Wireless,,,,
Starting Balance,,,,,$0.00
,2024-09-10,Verizon Wireless,$727.74,,$727.74
,2024-10-10,Verizon Wireless,$698.00,,"$1,425.74"
,2024-11-10,Verizon,$703.14,,"$2,128.88"
,2024-12-10,Verizon,$709.21,,"$2,838.09"
Totals and Ending Balance,,,"$2,838.09",$0.00,"$2,838.09"
Balance Change,,,"$2,838.09",,
""
,Tools for classes,,,,
Starting Balance,,,,,$0.00
,2024-08-09,Amazon - Crimper and other items,$41.56,,$41.56
,2024-08-28,Amazon-laptop battery and tool kits,$10.00,,$51.56
,2024-10-21,Amazon,$12.80,,$64.36
,2024-12-02,Amazon,$74.28,,$138.64
,2024-12-10,Amazon Marketplace,$13.76,,$152.40
Totals and Ending Balance,,,$152.40,$0.00,$152.40
Balance Change,,,$152.40,,
""
,Utilities,,,,
Starting Balance,,,,,$0.00
,2024-09-17,Walsenburg Utilities,$135.11,,$135.11
,2024-09-17,San Isabel Electric,$189.88,,$324.99
,2024-10-15,San Isabel Electric,$116.57,,$441.56
,2024-10-18,City of Walsenburg,$135.11,,$576.67
,2024-11-16,San Isabel Electric Association,$82.40,,$659.07
,2024-11-17,City of Walsenburg,$139.50,,$798.57
,2024-12-16,City of Walsenburg,$313.30,,"$1,111.87"
,2024-12-17,San Isabel,$101.66,,"$1,213.53"
Totals and Ending Balance,,,"$1,213.53",$0.00,"$1,213.53"
Balance Change,,,"$1,213.53",,
""
,Vehicle – Fuel,,,,
Starting Balance,,,,,$0.00
,2024-06-24,Gas,$61.03,,$61.03
,2024-08-13,Alta Convenience Store,$25.03,,$86.06
,2024-08-13,Gas for vehicle - Loaf N Jug Walsenburg,$79.95,,$166.01
,2024-08-15,Loaf N Jug for Gas,$26.68,,$192.69
,2024-08-20,Loaf N Jug in Pueblo,$47.50,,$240.19
,2024-08-29,Alta Convivence Store - Gas,$64.03,,$304.22
,2024-09-10,Loaf N Jug Eagleridge Blvd,$37.99,,$342.21
,2024-09-12,Loaf N Jug - Pueblo,$67.00,,$409.21
,2024-09-16,Loaf N Jug Walsenburg,$38.65,,$447.86
,2024-09-18,Alta Convience,$43.01,,$490.87
,2024-09-20,Alta Convenience,$35.99,,$526.86
,2024-09-25,Loaf n Jug Pueblo,$70.00,,$596.86
,2024-09-27,Alta Convivence,$38.00,,$634.86
,2024-09-30,Loaf N Jug in Walsenburg,$22.09,,$656.95
,2024-10-09,Circle K,$73.01,,$729.96
,2024-10-10,Loaf N Jug Pueblo,$21.92,,$751.88
,2024-10-15,Loaf N Jug,$67.03,,$818.91
,2024-10-18,Loaf n Jug Walsenburg,$54.49,,$873.40
,2024-10-24,Loaf N Jug,$23.02,,$896.42
,2024-10-25,Loaf N Jug - Colorado City,$54.99,,$951.41
,2024-10-30,Sam's Club,$50.06,,"$1,001.47"
,2024-11-01,Loaf N Jug,$36.61,,"$1,038.08"
,2024-11-04,Loaf N Jug - Walsenburg,$47.99,,"$1,086.07"
,2024-11-12,Loaf N Jug,$50.99,,"$1,137.06"
,2024-11-19,Loaf N Jug,$43.83,,"$1,180.89"
,2024-11-20,Love's,$49.03,,"$1,229.92"
,2024-11-24,Loaf N Jug,$41.55,,"$1,271.47"
,2024-12-02,Loaf N Jug,$35.03,,"$1,306.50"
,2024-12-06,Loaf N Jug,$35.00,,"$1,341.50"
,2024-12-13,Loaf N Jug,$43.32,,"$1,384.82"
,2024-12-13,Loaf N Jug,$37.39,,"$1,422.21"
,2024-12-19,Loaf N Jug,$21.99,,"$1,444.20"
Totals and Ending Balance,,,"$1,444.20",$0.00,"$1,444.20"
Balance Change,,,"$1,444.20",,
